3520 5884
329 537 420 582 xxxu
807 515 1144 582 INTRODUCTIO
1435 515 1537 596 [Car.
1552 516 1622 582 111.

327 685 351 750 h
373 687 413 764 L,
437 685 617 750 distantiam
639 699 842 772 apparentem
862 687 945 752 inter
965 685 1131 772 parallelos
1153 685 1290 750 siderum
1312 685 1448 750 duorum
1473 707 1545 771 quae
1570 699 1623 752 est

327 791 503 858 differentia
528 792 744 858 declinationis
770 793 918 870 siderum,
944 792 1164 858 obtinebimus.
1210 791 1274 857 Sed
1296 792 1323 856 si
1341 791 1518 856 differentia
1539 805 1621 860 tem-

327 899 415 984 poris
435 900 519 964 inter
538 901 703 987 utriusque
726 897 837 964 sideris
858 898 1024 964 transitum
1042 919 1100 982 per
1121 897 1210 962 filum
1231 898 1437 964 munerante
1451 899 1485 962 in
1498 900 1620 968 minutd

328 1016 394 1070 tam
414 1005 517 1090 prima
539 1005 634 1092 quim
655 1005 792 1072 secundd
813 1005 931 1094 gradis
956 1015 1155 1070 eonvertatru
1180 1005 1251 1088 (16)
1277 1003 1485 1070 differentiam
1509 1027 1619 1072 aseen-

328 1112 479 1178 sionalem
493 1114 635 1180 siderum
648 1113 843 1180 habebimus.

372 1229 431 1286 40.
452 1221 537 1286 Haec
561 1223 737 1288 observatio
762 1221 913 1307 supponit
934 1219 1057 1286 nullum
1081 1241 1149 1286 esse
1173 1219 1284 1286 sideris
1308 1231 1428 1286 motum
1453 1223 1616 1308 proprium

328 1326 509 1413 nullamque
529 1329 726 1412 parallaxim.
773 1328 807 1394 Si
829 1327 915 1394 sidus
936 1339 1058 1393 motum
1072 1329 1237 1412 proprium
1250 1329 1373 1408 babeat,
1389 1329 1478 1395 illum
1491 1345 1617 1417 oportet

328 1455 370 1498 ex
391 1434 660 1500 observationibus
675 1435 883 1500 determinare
898 1434 1003 1523 quoad
1017 1434 1257 1500 declinationem
1271 1449 1304 1502 et
1317 1439 1530 1502 ascensionem
1548 1463 1617 1506 reo-

328 1554 394 1608 tam
414 1539 559 1628 illiitsque
579 1543 733 1608 rationem
747 1543 872 1610 habere.
930 1545 1005 1622 Quo
1020 1558 1159 1630 peracto,
1176 1546 1321 1634 sialiqua
1335 1548 1375 1612 sit
1389 1547 1499 1613 sideris
1514 1551 1617 1634 paral-
1752 1551 1753 1566 ¹

327 1652 408 1716 lauis
429 1653 546 1736 poterit
566 1652 611 1717 int
631 1654 772 1739 reperiri.
817 1654 1011 1720 observetur
1026 1654 1136 1718 sideris
1151 1655 1191 1718 ad
1204 1655 1412 1721 meridianum
1433 1659 1617 1742 appellentis

329 1762 470 1828 ascensio
492 1775 578 1828 reeta
599 1785 671 1849 quse
691 1763 845 1849 parallaxi
866 1762 1004 1828 obnoxia
1026 1785 1090 1828 non
1114 1775 1162 1828 est
1188 1765 1269 1849 (38),
1292 1779 1324 1829 et
1344 1765 1518 1830 differentia
1536 1767 1618 1832 inter

328 1869 413 1933 bauo
433 1870 649 1934 ascensionem
668 1883 787 1936 rectam
808 1861 919 1936 sideris
938 1871 972 1934 in
997 1871 1170 1936 meridiano
1185 1873 1392 1940 existentis-et
1405 1876 1618 1942 ascensionem

328 1993 447 2046 rectam
467 1981 606 2067 ejusdem
626 1981 737 2046 sideris
757 1982 831 2047 alibi
855 1981 1015 2046 existentis
1030 1981 1237 2060 observatam,
1254 1984 1313 2048 erit
1327 1983 1496 2069 parallaxis
1511 2007 1619 2050 ascen-

329 2089 425 2156 sionis
439 2103 535 2156 rectae
550 2111 591 2156 ex
604 2091 666 2180 qui
677 2092 845 2178 parallaxis
861 2091 1032 2156 altitudinis
1047 2091 1180 2156 inveniri
1192 2093 1317 2178 poterit.
1366 2093 1414 2158 Sit
1428 2093 1512 2157 enim
1538 2092 1576 2157 H
1586 2093 1619 2158 Β

327 2199 467 2280 horizon,
492 2201 530 2266 H
547 2203 573 2266 Z
589 2203 621 2266 R
634 2203 835 2280 meridianus,
860 2202 887 2266 Z
902 2201 1015 2279 zeuith,
1042 2201 1070 2268 P

327 2309 421 2394 polus
441 2311 562 2388 mundi,
586 2312 613 2375 Z
629 2311 653 2378 S
669 2311 698 2376 E
713 2311 745 2374 V
759 2307 893 2376 circulus
907 2309 1072 2386 verticalis,
1321 2305 1341 2354 ²
1438 2339 1441 2354 ·

331 2419 355 2483 S
369 2419 456 2484 sidus
471 2419 670 2484 observatum
684 2419 718 2481 in
732 2417 803 2482 loco
819 2417 843 2484 S
858 2428 891 2481 et
904 2415 1019 2481 deinde
1040 2416 1074 2479 in
1354 2368 1456 2567 y

328 2527 513 2605 meridiano,
538 2529 567 2593 E
587 2528 676 2594 locus
697 2527 807 2592 sideris
827 2526 921 2604 visus,
945 2527 968 2592 S
987 2525 1075 2590 locus
1390 2438 1458 2663 l

329 2655 431 2711 verus,
454 2647 486 2698 et
504 2633 577 2700 ideo
599 2637 623 2702 S
643 2635 673 2701 E
691 2635 861 2722 parallaxis
883 2634 1074 2711 altitudinis3

330 2741 539 2806 arara
561 2743 671 2806 anem
691 2741 914 2808 decursionis.
960 2743 1074 2820 nana,
1127 2722 1137 2767 ³
1410 2777 1442 2829 v
1575 2742 1609 2800 a

330 2853 403 2935 (per
417 2850 523 2938 Hyp.)
539 2852 673 2941 angulus
690 2853 713 2918 S
730 2852 758 2917 P
774 2852 812 2930 E,
828 2853 917 2937 cujus
931 2871 1076 2916 mensura

330 2968 379 3021 est
399 2958 567 3042 parallaxis
581 2959 771 3042 ascensionis
785 2971 880 3024 reotoe
896 2957 1005 3023 sideris
1019 2959 1195 3022 observata.
1240 2957 1346 3024 Datur
1360 2957 1453 3023 etiam
1468 2967 1621 3043 punctum

332 3065 411 3130 illud
434 3067 520 3153 quod
541 3082 588 3134 est
608 3069 786 3134 intersectio
807 3067 975 3155 aquatoris
996 3078 1029 3132 et
1047 3065 1213 3132 meridiani
1232 3078 1373 3151 tempore
1394 3065 1621 3130 observationis
1751 3057 1752 3132 ζ

329 3171 441 3239 sideris
463 3176 497 3239 in
518 3175 556 3254 Ε,
573 3177 761 3262 apparentis,
779 3175 864 3240 unde
879 3176 1012 3242 habetur
1026 3197 1118 3240 arcus
1132 3175 1299 3260 aequaturia
1314 3175 1398 3238 inter
1410 3173 1621 3238 meridianum

331 3283 363 3350 R
380 3285 406 3350 Z
423 3286 460 3350 H
475 3297 507 3352 et
520 3287 673 3351 circulum
687 3287 902 3352 declinationis
926 3287 955 3352 P
970 3287 999 3352 E
1013 3286 1204 3370 interceptus
1219 3283 1273 3370 qui
1288 3295 1336 3346 est
1350 3273 1499 3345 mensura
1513 3279 1621 3368 anguli
1673 3285 1675 3290 '

332 3391 358 3454 Ζ
381 3392 409 3455 Ρ
431 3391 470 3458 Ε.
517 3394 625 3471 Quare
647 3395 680 3457 in
702 3393 860 3482 triangulo
883 3393 910 3456 Z
933 3392 962 3457 P
984 3391 1023 3471 E,
1048 3392 1163 3456 dantur
1177 3389 1259 3454 latus
1275 3387 1301 3452 Z
1318 3386 1508 3451 Pdistantia
1521 3386 1622 3470 polis

331 3497 457 3575 vertice,
480 3511 514 3564 et
533 3501 615 3565 latus
636 3501 663 3566 Z
684 3501 713 3566 E
733 3499 879 3566 distantia
897 3499 965 3563 visa
985 3498 1095 3564 sideris
1110 3519 1129 3560 a
1142 3495 1258 3560 vertice
1273 3513 1345 3558 cum
1362 3491 1478 3578 angulo
1493 3491 1520 3556 Z
1537 3491 1564 3555 P
1580 3491 1619 3556 E.

330 3601 510 3670 Innotescet
535 3607 631 3694 igitur
655 3608 789 3695 angulus
815 3607 844 3672 P
862 3607 888 3671 Z
909 3607 949 3685 E,
965 3607 1006 3670 ab
1029 3605 1146 3693 angulo
1169 3605 1195 3668 Z
1212 3602 1294 3680 PE,
1316 3601 1508 3666 subducatur
1527 3599 1620 3664 datus

331 3711 452 3791 SPE,
469 3727 501 3778 at
514 3715 640 3780 dabitur
654 3714 787 3802 angulus
804 3715 830 3779 Z
847 3713 874 3779 P
889 3715 923 3779 S.
962 3715 1111 3800 Denique
1125 3715 1158 3777 in
1172 3711 1329 3799 triangulo
1344 3711 1415 3800 ΖΙΡ
1431 3711 1465 3788 S,
1483 3731 1523 3774 ex
1538 3709 1619 3773 datis

329 3819 451 3906 angulis
473 3821 634 3886 PZSet
657 3814 1618 3896 ZPSmmlatereZP,dabiturlatusZS,verasideris

329 3927 480 3991 avertice
502 3925 649 3990 &mantia
672 3947 745 4013 quar
767 3947 808 3990 ex
829 3923 895 3988 visi
919 3923 1001 4004 ZE,
1028 3923 1131 3990 ablata
1150 3924 1305 4012 relinquet
1334 3923 1357 3990 S
1379 3921 1409 3988 Ε
1433 3919 1617 4008 parallaxim

330 4031 511 4098 altitudinis.

373 4147 425 4203 41.
449 4137 670 4226 Talescopium
691 4140 828 4206 maculas
850 4139 1093 4226 quamplurimas
1114 4139 1277 4206 variabiles
1297 4160 1368 4226 quae
1388 4158 1483 4221 super
1503 4157 1617 4220 corpus

330 4245 413 4310 Solis
433 4247 580 4313 incedere
602 4247 748 4312 videntru
769 4248 915 4326 ostendit,
940 4271 980 4314 ex
1002 4271 1111 4314 earum
1123 4261 1211 4312 motu
1228 4247 1334 4312 Solem
1354 4242 1438 4309 circs
1452 4243 1617 4326 proprium

330 4375 423 4418 axem
443 4343 504 4438 til
528 4356 640 4422 diebus
655 4357 774 4422 revolvi
787 4357 929 4422 infertur.
960 4359 1001 4424 ln
1015 4357 1139 4424 Venere
1152 4380 1213 4443 pro
1227 4355 1313 4420 varii
1328 4356 1393 4438 ejus
1407 4351 1450 4418 ad
1466 4352 1572 4417 Solem
1586 4363 1619 4416 et

330 4461 465 4526 Terram
493 4465 648 4548 positione
676 4465 790 4551 pheses
820 4466 952 4531 diversae
989 4468 1223 4554 conspiciuntur
1257 4463 1408 4549 pbasibus
1438 4458 1617 4526 Lunaribus

329 4567 445 4633 similas
470 4567 515 4633 iat
536 4584 573 4636 ut
594 4585 716 4658 partem
737 4573 944 4638 illuminatam
971 4573 1037 4639 Soli
1060 4585 1237 4639 constanter
1259 4571 1411 4634 obvertat.
1459 4562 1618 4631 Proetered

331 4675 513 4743 Mercurius
540 4693 572 4745 et
598 4681 705 4748 Venus
731 4693 881 4771 tanquam
900 4683 1031 4748 maculae
1058 4683 1158 4771 nigrae
1179 4693 1212 4746 et
1227 4678 1371 4744 rotundas
1393 4677 1513 4742 diacum
1536 4674 1617 4740 Solis
1642 4758 1646 4769 Ι
