3520 5884
138 495 228 564 Cur.
244 496 330 574 111.]
513 494 594 563 'AD
617 495 842 566 TERTIUM
864 496 1064 567 LIBRUM.
1360 499 1439 568 arati

144 671 217 737 daoe
239 669 341 736 stelle
360 667 434 734 fixa
454 689 588 756 quaram
609 669 758 738 distantia
779 693 934 758 apparens
952 674 984 738 ia
1004 673 1132 746 minutis
1154 675 1299 740 secundis
1313 673 1439 741 ariundt

141 795 220 848 nota
240 782 290 860 sit,
314 783 375 848 sint
394 781 426 846 in
445 780 502 846 filo
523 783 725 846 transversnli
746 783 780 848 K
794 783 835 862 L,
851 783 963 868 posita
978 797 1181 870 verseturque
1195 783 1323 848 cochlea
1337 785 1440 850 donec

145 889 235 956 lllnm
256 893 369 958 mobile
389 891 413 955 h
437 891 476 970 L,
499 915 557 978 per
578 908 722 958 centrum
743 911 776 972 x,
800 894 899 958 stellas
921 895 1013 958 aulas
1029 907 1175 971 transeat,
1199 892 1327 958 alterius
1341 893 1439 958 stellae

145 1011 253 1064 centro
275 1021 316 1075 m,
343 997 393 1064 vel
416 1020 449 1076 n,
476 1000 631 1066 existente
652 1001 686 1064 in
708 1000 770 1065 alio
785 1001 879 1066 filoa
902 1001 933 1079 b,
951 1001 1002 1066 vel
1017 1024 1035 1065 c
1049 1001 1081 1066 d.
1129 999 1204 1066 Hac
1219 1001 1440 1066 observatione
1526 1047 1530 1054 ι

144 1121 251 1174 notam
266 1109 325 1174 erit
339 1109 464 1174 cainam
478 1109 636 1176 distantiae
650 1111 815 1195 apparenti
831 1111 1020 1196 respondeat
1034 1109 1200 1198 longitudo
1215 1132 1290 1188 mx,
1306 1110 1357 1174 vel
1372 1133 1394 1174 ιι
1405 1132 1439 1190 ιι,

143 1214 175 1278 iu
190 1213 280 1280 lineis
297 1228 328 1280 et
343 1216 436 1282 lineae
449 1219 592 1302 partibas
612 1218 696 1295 elata,
718 1231 751 1282 et
765 1216 838 1282 inat
853 1239 911 1303 per
925 1219 1141 1303 proportionis
1156 1217 1309 1307 regulam,
1333 1219 1441 1284 obsor-

141 1324 210 1390 vatd
233 1326 372 1412 quilibet
393 1326 459 1392 aliia
477 1327 615 1393 siderum
639 1326 788 1392 distantiis
810 1349 832 1390 n
856 1349 887 1413 q,
911 1327 1037 1393 dabitur
1059 1327 1194 1415 angulas
1218 1329 1277 1392 sub
1292 1350 1355 1414 quo
1371 1327 1441 1393 lraec

141 1433 288 1498 distantia
309 1434 397 1498 nudo
419 1434 513 1500 oculo
532 1434 700 1511 videretur,
717 1431 882 1498 inserendo
896 1435 959 1499 sic:
983 1447 1018 1500 at
1032 1457 1064 1498 m
1079 1457 1101 1498 x
1117 1434 1165 1498 vel
1181 1457 1202 1498 ιι
1218 1458 1239 1498 ιι
1256 1434 1296 1499 ad
1312 1457 1333 1498 n
1349 1459 1381 1522 q,
1397 1435 1442 1500 at

140 1543 288 1609 distantia
308 1567 464 1631 apparens
486 1545 648 1610 stellarum
670 1544 805 1626 duarum
826 1566 869 1621 ro,
891 1545 938 1608 vcl
955 1565 987 1622 n,
1005 1559 1037 1608 ot
1050 1567 1072 1608 x
1085 1533 1129 1609 'ad
1144 1543 1327 1608 distantiam
1342 1565 1440 1631 appu·

139 1663 260 1715 rentem
275 1665 465 1736 punctorum
476 1674 498 1716 n
513 1665 545 1717 et
559 1675 590 1740 q.
638 1651 809 1716 Moventur
819 1653 886 1739 jana
902 1652 1057 1738 quadrant
1074 1653 1103 1716 ll
1116 1652 1143 1716 F
1157 1656 1192 1726 H
1209 1655 1241 1721 G
1254 1673 1314 1738 ope
1332 1675 1440 1740 recep-

139 1757 234 1820 taculi
249 1760 348 1823 striati
363 1759 465 1824 donec
480 1759 569 1823 filum
584 1761 651 1845 ejas
666 1759 828 1826 sericamh
840 1757 994 1836 L,exactd
1006 1760 1172 1822 conveniat
1187 1760 1314 1824 cuilibet
1325 1783 1366 1825 ex
1378 1761 1440 1826 filis

136 1868 295 1952 parallelis
317 1870 446 1936 alterius
468 1868 591 1956 quadri,
614 1883 802 1956 noteturque
823 1867 939 1954 positio
960 1865 1174 1932 auricularum
1196 1871 1385 1954 receptaculi
1409 1885 1441 1936 et
1525 1903 1528 1913 =

137 1978 253 2043 iterum
267 1993 431 2048 moveatur
451 1980 682 2065 receptaculum
698 1979 799 2043 donec
814 1979 898 2041 idern
915 1977 1003 2040 lilarn
1020 1975 1132 2061 quadri
1148 1975 1218 2040 EF
1232 1976 1270 2041 H
1282 1975 1315 2041 G
1331 1982 1441 2063 proxi·

135 2105 192 2148 mo
203 2085 258 2151 filo
269 2087 397 2151 alterius
409 2099 571 2176 congruat,
584 2086 644 2163 vel,
657 2085 743 2171 quod
759 2084 843 2148 idem
854 2095 912 2160 est,
924 2095 1086 2146 moveatur
1098 2081 1253 2166 quadram
1265 2083 1294 2146 E
1309 2085 1335 2148 F
1348 2087 1387 2152 H
1399 2089 1442 2169 G,

135 2214 197 2278 per
212 2196 348 2278 spatium
363 2207 498 2282 qaataor
512 2195 677 2272 linearum,
693 2205 960 2277 numerentarqae
982 2189 1192 2256 revolutiones
1207 2193 1395 2278 receptaculi
1410 2206 1443 2259 ct

135 2312 245 2384 partes
268 2301 362 2365 unius
384 2302 588 2366 revolutionis
611 2323 683 2388 quas
704 2299 831 2363 filorum
853 2297 1019 2362 intervallo
1040 2296 1193 2363 linearum
1210 2313 1345 2385 qaataor
1365 2321 1442 2365 con·

135 2411 277 2476 veniant.
326 2413 492 2476 Condatur
514 2410 642 2475 tandem
664 2407 772 2474 tabula
793 2407 1025 2472 revolutionum
1048 2407 1238 2492 receptaculi
1259 2421 1291 2473 et
1305 2409 1442 2494 partium

134 2517 205 2602 ejus
228 2541 299 2604 quae
321 2519 453 2606 singulis
474 2518 604 2584 minatis
620 2517 731 2604 primis
746 2528 778 2582 et
793 2513 940 2581 secandis
955 2533 996 2578 ex
1011 2527 1089 2580 noto
1103 2511 1247 2600 sapentia
1262 2527 1329 2580 toro
1345 2516 1441 2582 inter·

134 2625 402 2691 rationabatur.
1063 2611 1068 2626 '

181 2741 234 2798 38.
258 2733 325 2798 Ubi
348 2734 500 2800 diameter
520 2733 719 2821 planetarum
741 2731 1029 2810 eritobservauda,
1045 2731 1167 2798 directo
1182 2731 1352 2818 telescopio
1366 2753 1439 2798 cam
1551 2745 1556 2770 ⁸

133 2839 337 2908 micrometro
363 2841 404 2908 ad
428 2841 589 2927 planetam
614 2841 659 2907 iat
679 2841 888 2928 disponantur
909 2841 965 2906 fila
989 2840 1147 2905 movendo
1173 2840 1378 2926 telescopiaur
1403 2853 1440 2906 at

135 2949 249 3014 sideris
271 2951 388 3017 limbus
414 2975 513 3016 anum
539 2975 580 3017 ex
601 2949 663 3016 filis
688 2951 846 3035 parallelis
868 2950 1082 3015 immobilibus
1108 2965 1291 3035 percurram
1323 2947 1440 3016 deindd

133 3059 368 3143 receptacalran
391 3072 600 3137 convertatur,
624 3057 726 3123 donec
748 3058 838 3122 filum
860 3057 976 3122 mobile
995 3057 1126 3122 limbum
1143 3057 1276 3122 alterurn
1301 3057 1438 3144 planetae

132 3165 307 3253 contingat.
369 3165 575 3231 Manifestum
601 3177 715 3230 estex
737 3163 884 3230 distantiis
907 3164 1033 3254 cognitis
1057 3164 1140 3228 inter
1166 3165 1220 3228 filu
1247 3165 1438 3230 micrometri

132 3293 209 3359 qaae
233 3273 391 3359 planetam
417 3271 700 3359 comprehendant,
730 3267 839 3337 notam
862 3271 930 3336 fieri
961 3272 1099 3358 planetae
1125 3271 1312 3336 diametrum
1340 3293 1437 3358 appa-

132 3395 269 3448 rentem.

182 3499 236 3556 89.
259 3490 346 3556 Data
370 3491 586 3557 declinatione·
601 3503 634 3557 et
653 3491 837 3556 ascensione
860 3489 944 3555 rectia
961 3488 1059 3554 stellae
1077 3488 1159 3567 fixoe,
1182 3487 1311 3553 inveniri
1335 3503 1438 3576 potest

131 3595 265 3662 alterius
288 3598 387 3663 steltoe
409 3599 577 3664 declinatio
598 3611 630 3664 et
652 3598 794 3663 ascensio
816 3611 912 3676 recta,
935 3595 1033 3662 modb
1048 3611 1151 3662 tamen
1167 3597 1239 3662 ‹laae
1262 3597 1324 3661 illoe
1339 3597 1438 3664 stellas

130 3707 269 3772 transire
285 3709 421 3773 vicissim
436 3711 558 3795 possint
571 3731 629 3795 per
644 3731 792 3795 campum
807 3707 969 3793 telescopii
984 3707 1116 3771 immoti.
1167 3705 1217 3771 Ita
1230 3707 1313 3771 enirn
1330 3708 1438 3793 ‹lispo-

129 3826 253 3880 nantar
273 3813 328 3879 fila
349 3815 499 3901 parallela
514 3817 715 3882 'micrometri
742 3829 778 3881 ut
802 3829 906 3880 motas
933 3815 1065 3880 diurnus
1087 3815 1185 3880 stella·
1210 3837 1282 3902 quae
1304 3815 1435 3880 alteram

130 3924 288 4008 praecedit
303 3925 359 3990 liat
373 3945 468 4011 saper
484 3948 584 3991 unum
598 3947 639 3991 ex
654 3925 716 3990 illis
735 3925 766 3992 E
779 3925 822 3992 G.
869 3925 972 4010 Super
987 3925 1048 4003 ab,
1066 3923 1098 3988 ia
1114 3927 1177 4011 qao
1193 3925 1253 3990 sita
1271 3923 1359 3989 iilam
1375 3925 1436 4004 cd,

131 4043 277 4114 exponet
289 4031 468 4118 portionem
490 4033 638 4122 exiguam
659 4031 801 4119 paralleli
816 4053 909 4118 quem
925 4031 1014 4096 stella
1030 4031 1187 4111 describit,
1205 4046 1236 4098 et
1251 4032 1339 4097 filum
1358 4031 1390 4098 K
1408 4033 1438 4099 L

132 4138 220 4203 illad
249 4141 289 4206 ad
318 4141 450 4230 angados
486 4157 589 4208 rectos
618 4142 820 4220 intersecans
858 4141 1011 4205 circulum
1044 4139 1179 4227 aliquem
1210 4141 1437 4210 declinationis.

132 4247 280 4312 Notatur
314 4251 464 4336 temporis
501 4261 696 4313 momentum
726 4271 789 4336 quo
819 4247 909 4313 stella
937 4245 1121 4334 praecedens
1153 4247 1209 4311 filo
1238 4249 1437 4314 transversali

130 4354 280 4421 occurrit
300 4355 333 4419 in
354 4379 395 4420 m.
442 4357 593 4423 Similiter
613 4357 746 4422 immoto
765 4355 936 4440 telescopio
952 4355 1134 4420 observetur
1149 4367 1272 4439 tempas
1288 4357 1438 4452 appulsis

131 4465 268 4531 alterius
294 4451 350 4528 s'ea
373 4467 529 4554 sequentis
552 4466 664 4532 sideris
690 4465 837 4531 aelidem
861 4465 950 4530 filum
973 4466 1178 4532 transversale
1204 4489 1259 4532 sau
1286 4467 1439 4533 circulum

132 4573 369 4650 declinationis,
399 4587 431 4638 et
456 4576 480 4640 si
508 4571 627 4641 intered
652 4575 742 4639 filum
768 4575 952 4659 parallelum
980 4573 1095 4638 mobile
1122 4571 1143 4635 lr
1173 4573 1211 4652 L,
1239 4573 1333 4639 sideri
1365 4573 1439 4638 lraic

104 4731 111 4750 .
136 4694 278 4768 aptetur,
302 4679 437 4747 immoto
459 4695 605 4748 manente
627 4683 827 4747 nricrometro
849 4703 910 4768 ope
931 4681 1087 4746 ‹listaatioe
1102 4703 1134 4746 ιιι
1150 4703 1181 4761 x,
1199 4681 1322 4746 srlorunr
1339 4705 1357 4746 a
1372 4683 1393 4747 b
1408 4697 1438 4748 et
