3570 5876
341 1185 741 1284 EDITOR
808 1177 1295 1286 LECTORI.

734 1565 900 1586 mm

178 1879 357 1977 Functus
372 1910 579 1974 commentari
593 1931 658 1972 non
672 1931 838 1994 possumus
849 1931 887 1974 ea
898 1931 968 1996 quae
984 1909 1079 1973 tradit
1093 1920 1185 1974 autor
1195 1920 1299 1972 noster
1310 1909 1350 1973 de
1363 1909 1463 1974 Maris

179 2019 285 2096 AEstu,
301 2016 396 2106 quam
409 2016 484 2080 huic
494 2013 701 2100 propositioni
715 2014 934 2101 subjungendo
947 2036 1000 2078 eas
1010 2013 1242 2078 dissertationes
1253 2035 1324 2098 quie
1334 2015 1467 2098 praemio

178 2129 267 2196 fu‘era
288 2128 504 2194 condecorata
526 2147 546 2188 a
566 2122 682 2188 celebri
705 2123 873 2188 Parisiensi
895 2122 1100 2186 Scientiarum
1118 2121 1298 2184 Academii.
1344 2121 1383 2186 ld
1398 2122 1465 2208 qui-

178 2236 252 2302 dem
275 2235 415 2320 primum
436 2230 526 2296 nobis
547 2228 648 2294 fuerat
668 2230 874 2316 propositum,
891 2242 927 2293 ut
941 2251 978 2292 ea
993 2251 1063 2314 quae
1078 2228 1110 2290 in
1124 2227 1186 2290 illis
1199 2227 1466 2292 dissertationibus

179 2343 424 2410 momentosiora
445 2339 626 2404 viderentur
648 2351 680 2403 et
701 2339 743 2403 ad
765 2315 981 2403 biewtonianae
1002 2337 1210 2424 philosophiae
1231 2335 1468 2402 illustrationem

178 2448 382 2534 pertinerent,
409 2444 497 2510 brevi
522 2443 709 2530 compendio
739 2443 966 2530 comprehensa
994 2443 1076 2507 notis
1106 2443 1327 2529 adjiceremus3
1360 2442 1470 2508 verim

179 2571 292 2623 trunca
313 2579 350 2621 ao
371 2553 490 2642 ingenii
503 2554 603 2618 nostri
617 2553 693 2616 vitio
707 2552 823 2617 detrita
836 2552 984 2618 exhibere
999 2551 1069 2616 brec
1087 2551 1366 2616 illustrissimorum
1387 2552 1470 2616 viro-

180 2688 251 2732 rum
265 2664 382 2750 scripta
395 2659 508 2726 merito
521 2661 633 2748 piguit,
650 2671 682 2724 et
695 2681 760 2724 non
776 2657 986 2723 dubitavimus
1001 2681 1059 2722 nos
1075 2655 1186 2722 melitis
1196 2659 1391 2723 consulturos
1402 2657 1470 2725 tum

180 2769 350 2836 lectoribus
365 2768 491 2846 nostris,
514 2765 583 2831 trim
605 2767 681 2852 ipsis
696 2789 805 2830 eorum
821 2767 1010 2851 scriptorum
1024 2764 1217 2842 authoribus,
1241 2767 1268 2830 si
1282 2767 1386 2853 qualia
1399 2780 1472 2830 sunt

182 2879 266 2944 edite
286 2877 340 2942 hic
360 2877 415 2940 illa
435 2877 662 2942 insereremus:
687 2872 821 2960 cumque
848 2873 1016 2938 authorum
1038 2896 1058 2937 a
1071 2872 1240 2960 typothetis
1254 2875 1393 2939 absentiat
1408 2874 1471 2940 fae·

182 3002 250 3052 tum
267 2986 306 3049 sit
326 2998 362 3049 ut
375 2985 409 3048 in
424 2984 560 3050 editione
577 2981 719 3048 Parisini
733 2983 870 3068 plurima
883 2982 1066 3068 irrepserint
1080 2981 1204 3058 menda,
1222 2981 1309 3045 nullo
1330 3004 1472 3046 errorum

184 3093 327 3182 catalogo
349 3105 498 3169 correcta,
523 3115 562 3156 ea
587 3091 904 3156 demonstrationibus
937 3113 974 3156 ac
1003 3090 1129 3154 calculis
1160 3089 1304 3154 accurate
1334 3091 1472 3175 repetitis

185 3199 429 3275 emendavimus,
443 3198 623 3284 figurasque
638 3198 679 3261 ad
694 3198 773 3276 loca,
791 3198 905 3284 quibus
920 3197 1123 3282 respondent,
1139 3197 1241 3281 aptari
1254 3197 1438 3262 curavimus.

230 3308 376 3384 Quatuor
397 3304 525 3392 quidem
548 3305 783 3370 dissertationes
800 3303 950 3369 Parisinis
967 3304 1048 3390 typis
1062 3303 1190 3367 fuerunt
1211 3302 1374 3388 evulgatae,
1398 3326 1475 3389 qua·

184 3437 256 3480 rum
270 3414 358 3499 prior
373 3437 392 3477 a
408 3413 502 3478 Patre
520 3411 689 3475 Cavallieri
704 3412 725 3476 J
729 3412 838 3490 esuiti,
858 3411 996 3475 secunda
1010 3433 1030 3474 a
1043 3409 1181 3476 Daniele
1197 3407 1389 3488 Bernoullio,
1411 3423 1475 3475 ter-

184 3524 256 3588 tiaa
269 3521 310 3587 D.
324 3522 368 3588 D.
382 3521 628 3598 Mac-Laurino,
642 3535 754 3607 quarta
764 3547 783 3584 a
795 3520 966 3588 Leonardo
989 3519 1108 3584 Eulero
1121 3519 1210 3584 hiere
1221 3519 1261 3584 ad
1271 3520 1474 3586 Academiam

184 3633 300 3699 missae.
348 3631 442 3696 Prior
464 3631 497 3693 in
521 3653 559 3694 eo
581 3642 754 3714 occupatur
768 3643 805 3694 ut
822 3630 1013 3696 Cartesianae
1027 3623 1237 3717 hypotheseos
1252 3632 1333 3696 circa
1348 3655 1474 3697 causam

186 3737 280 3804 aestirs
302 3738 416 3802 marini
438 3737 514 3801 vitia
528 3746 560 3800 et
574 3735 678 3800 hiatus
693 3737 832 3825 corrigat
846 3747 878 3800 et
891 3737 1049 3816 resarciat,
1072 3737 1299 3825 quodquidam
1313 3739 1473 3826 ingeniose

188 3845 359 3912 admodum
380 3858 512 3932 proestat
518 3870 528 3924 3
551 3859 615 3910 tres
637 3845 768 3932 reliquae
786 3869 827 3910 ex
841 3846 963 3934 legibus
977 3849 1137 3935 gravitatis
1152 3871 1302 3936 aquarum
1318 3848 1419 3914 Maris
1441 3849 1475 3913 in

190 3954 306 4033 Solem,
328 3956 454 4020 Lunam
474 3965 507 4018 et
534 3955 678 4033 Terram,
702 3976 811 4019 omnes
830 3955 1033 4041 phaenomeni
1054 3959 1207 4044 propositi
1228 3960 1474 4024 circumstantias

188 4064 344 4150 explicant
360 4077 391 4130 et
405 4065 533 4130 calculis
549 4065 776 4132 determinant:
792 4053 856 4131 'baa
871 4089 948 4156 ergo
960 4080 1033 4147 tres,
1045 4069 1160 4135 omissi
1171 4072 1286 4158 priore,
1302 4072 1395 4157 hujus
1406 4093 1474 4135 esse

188 4169 251 4235 loci
265 4169 462 4235 credidimus.

234 4277 275 4343 Iu
296 4276 511 4343 dissertatione
536 4279 761 4345 Mac-Laurini
782 4283 919 4348 occurrit
937 4283 1051 4348 solutio
1075 4284 1248 4371 synthetioa
1269 4285 1477 4350 Problematis

189 4386 350 4474 deligari
374 4387 494 4466 Terrae,
519 4389 611 4476 quale
632 4389 712 4454 illud
730 4412 995 4478 proposueramus
1017 4394 1049 4457 in
1072 4395 1154 4458 notia
1178 4394 1293 4458 nostris
1315 4395 1356 4459 ad
1380 4395 1476 4480 Prop.

190 4494 292 4561 XIX.
309 4493 456 4581 quodque
469 4518 583 4581 parum
597 4495 681 4562 felici
699 4521 844 4564 successu
860 4500 1012 4587 analytice
1028 4501 1149 4568 solvere
1165 4512 1413 4580 tentaveramus3
1437 4525 1476 4567 ex

191 4604 257 4688 ejus
281 4603 436 4668 solutione
457 4617 546 4688 patet
565 4607 777 4673 meridianum
799 4631 868 4674 esse
890 4632 997 4674 veram
1017 4610 1151 4695 ellipsim
1165 4611 1197 4674 in
1212 4610 1378 4698 hypothesi
1393 4611 1479 4699 qubd

193 4712 294 4779 Terra
309 4713 350 4777 sit
363 4713 579 4802 homogenea:
608 4715 680 4781 cim
695 4729 799 4782 autem
814 4717 884 4782 haec
898 4719 931 4782 in
945 4741 1057 4784 manus
1071 4731 1193 4784 nostras
1209 4742 1273 4784 non
1288 4721 1479 4799 devenerint,

193 4819 254 4884 uisi
268 4817 341 4885 crim
356 4831 442 4884 notoe
457 4820 499 4884 ad
514 4843 584 4885 eam
601 4822 851 4908 Propositionem
868 4825 967 4890 XIX.
982 4825 1116 4911 praelum
1131 4826 1307 4907 subiissent,
1329 4827 1403 4891 inde
1418 4825 1485 4890 fao-

403 4937 417 4968 ·
812 4932 826 4982 Ι
843 4939 859 4980 4
