<?xml version="1.0" encoding="UTF-8"?>
<!DOCTYPE html PUBLIC "-//W3C//DTD XHTML 1.0 Transitional//EN"
    "http://www.w3.org/TR/xhtml1/DTD/xhtml1-transitional.dtd">
<html xmlns="http://www.w3.org/1999/xhtml" xml:lang="en" lang="en">
 <head>
  <title>
</title>
<meta http-equiv="Content-Type" content="text/html;charset=utf-8" />
  <meta name='ocr-system' content='tesseract 3.04.00' />
  <meta name='ocr-capabilities' content='ocr_page ocr_carea ocr_par ocr_line ocrx_word'/>
</head>
<body>
  <div class='ocr_page' id='page_1' title='image "./philosophinatur03wriggoog_0284.png"; bbox 0 0 3564 5864; ppageno 0'>
   <div class='ocr_carea' id='block_1_1' title="bbox 528 509 1424 590">
    <p class='ocr_par' dir='ltr' id='par_1_1' title="bbox 528 509 1424 590">
     <span class='ocr_line' id='line_1_1' title="bbox 528 509 1424 590; baseline 0.007 -8"><span class='ocrx_word' id='word_1_1' title='bbox 528 513 590 582; x_wconf 85' lang='lat' dir='ltr'><strong>ET</strong></span> <span class='ocrx_word' id='word_1_2' title='bbox 612 510 867 582; x_wconf 83' lang='lat' dir='ltr'>REFLUXUS</span> <span class='ocrx_word' id='word_1_3' title='bbox 889 509 1048 582; x_wconf 76' lang='lat' dir='ltr'><strong>matun</strong></span> <span class='ocrx_word' id='word_1_4' title='bbox 1360 527 1424 590; x_wconf 72' lang='lat'><strong>287</strong></span> 
     </span>
    </p>
   </div>
   <div class='ocr_carea' id='block_1_2' title="bbox 134 683 1423 1861">
    <p class='ocr_par' dir='ltr' id='par_1_2' title="bbox 134 683 1423 1861">
     <span class='ocr_line' id='line_1_2' title="bbox 136 683 1421 780; baseline -0.002 -27"><span class='ocrx_word' id='word_1_5' title='bbox 136 687 328 754; x_wconf 81' lang='lat' dir='ltr'><strong>macularum</strong></span> <span class='ocrx_word' id='word_1_6' title='bbox 349 689 437 756; x_wconf 85' lang='lat' dir='ltr'><strong>Jovis</strong></span> <span class='ocrx_word' id='word_1_7' title='bbox 458 687 499 755; x_wconf 89' lang='lat' dir='ltr'><strong>ab</strong></span> <span class='ocrx_word' id='word_1_8' title='bbox 519 687 703 754; x_wconf 87' lang='lat' dir='ltr'><strong>astronomis</strong></span> <span class='ocrx_word' id='word_1_9' title='bbox 725 685 903 748; x_wconf 84' lang='lat' dir='ltr'><strong>observatas</strong></span> <span class='ocrx_word' id='word_1_10' title='bbox 924 683 997 750; x_wconf 90' lang='lat' dir='ltr'><strong>hinc</strong></span> <span class='ocrx_word' id='word_1_11' title='bbox 1017 684 1120 772; x_wconf 77' lang='lat' dir='ltr'><strong>aliqud</strong></span> <span class='ocrx_word' id='word_1_12' title='bbox 1141 683 1251 752; x_wconf 82' lang='lat' dir='ltr'><strong>saltem</strong></span> <span class='ocrx_word' id='word_1_13' title='bbox 1269 707 1311 751; x_wconf 84' lang='lat' dir='ltr'><strong>ex</strong></span> <span class='ocrx_word' id='word_1_14' title='bbox 1329 703 1421 780; x_wconf 71' lang='lat' dir='ltr'><strong>parte</strong></span> 
     </span>
     <span class='ocr_line' id='line_1_3' title="bbox 136 793 1423 886; baseline 0.003 -26"><span class='ocrx_word' id='word_1_15' title='bbox 136 811 240 862; x_wconf 87' lang='lat' dir='ltr'><strong>ortum</strong></span> <span class='ocrx_word' id='word_1_16' title='bbox 261 798 392 876; x_wconf 85' lang='lat' dir='ltr'><strong>ducere3</strong></span> <span class='ocrx_word' id='word_1_17' title='bbox 415 797 499 886; x_wconf 78' lang='lat' dir='ltr'><strong>qudd</strong></span> <span class='ocrx_word' id='word_1_18' title='bbox 518 797 545 862; x_wconf 92' lang='lat' dir='ltr'><strong>si</strong></span> <span class='ocrx_word' id='word_1_19' title='bbox 561 797 612 860; x_wconf 85' lang='lat' dir='ltr'><strong>hae</strong></span> <span class='ocrx_word' id='word_1_20' title='bbox 629 795 816 860; x_wconf 88' lang='lat' dir='ltr'><strong>mutationes</strong></span> <span class='ocrx_word' id='word_1_21' title='bbox 830 813 899 858; x_wconf 82' lang='lat' dir='ltr'><strong>cam</strong></span> <span class='ocrx_word' id='word_1_22' title='bbox 915 793 1091 880; x_wconf 81' lang='lat' dir='ltr'><strong>analogiam</strong></span> <span class='ocrx_word' id='word_1_23' title='bbox 1110 817 1233 860; x_wconf 86' lang='lat' dir='ltr'><strong>servare</strong></span> <span class='ocrx_word' id='word_1_24' title='bbox 1248 796 1423 882; x_wconf 88' lang='lat' dir='ltr'><strong>deprehen·</strong></span> 
     </span>
     <span class='ocr_line' id='line_1_4' title="bbox 137 898 1421 989; baseline 0.001 -21"><span class='ocrx_word' id='word_1_25' title='bbox 137 903 251 969; x_wconf 91' lang='lat' dir='ltr'><strong>dantur</strong></span> <span class='ocrx_word' id='word_1_26' title='bbox 273 927 345 970; x_wconf 91' lang='lat' dir='ltr'><strong>cum</strong></span> <span class='ocrx_word' id='word_1_27' title='bbox 367 905 540 989; x_wconf 77' lang='lat' dir='ltr'><strong>aspectibus</strong></span> <span class='ocrx_word' id='word_1_28' title='bbox 563 901 740 978; x_wconf 79' lang='lat' dir='ltr'><strong>satellitum,</strong></span> <span class='ocrx_word' id='word_1_29' title='bbox 764 921 858 989; x_wconf 86' lang='lat' dir='ltr'><strong>quam</strong></span> <span class='ocrx_word' id='word_1_30' title='bbox 879 898 948 964; x_wconf 77' lang='lat' dir='ltr'><strong>haec</strong></span> <span class='ocrx_word' id='word_1_31' title='bbox 968 898 1111 966; x_wconf 86' lang='lat' dir='ltr'><strong>doctrina</strong></span> <span class='ocrx_word' id='word_1_32' title='bbox 1130 902 1276 986; x_wconf 87' lang='lat' dir='ltr'><strong>postulat,</strong></span> <span class='ocrx_word' id='word_1_33' title='bbox 1303 904 1421 970; x_wconf 88' lang='lat' dir='ltr'><strong>indicio</strong></span> 
     </span>
     <span class='ocr_line' id='line_1_5' title="bbox 135 1005 1422 1094; baseline -0.002 -16"><span class='ocrx_word' id='word_1_34' title='bbox 135 1015 196 1078; x_wconf 88' lang='lat' dir='ltr'><strong>erit</strong></span> <span class='ocrx_word' id='word_1_35' title='bbox 220 1036 325 1080; x_wconf 89' lang='lat' dir='ltr'><strong>veram</strong></span> <span class='ocrx_word' id='word_1_36' title='bbox 349 1033 456 1078; x_wconf 88' lang='lat' dir='ltr'><strong>earum</strong></span> <span class='ocrx_word' id='word_1_37' title='bbox 479 1029 604 1076; x_wconf 80' lang='lat' dir='ltr'><strong>causam</strong></span> <span class='ocrx_word' id='word_1_38' title='bbox 622 1008 696 1074; x_wconf 85' lang='lat' dir='ltr'><strong>hinc</strong></span> <span class='ocrx_word' id='word_1_39' title='bbox 716 1029 783 1074; x_wconf 81' lang='lat' dir='ltr'><strong>essa</strong></span> <span class='ocrx_word' id='word_1_40' title='bbox 803 1006 981 1094; x_wconf 82' lang='lat' dir='ltr'><strong>petendam.</strong></span> <span class='ocrx_word' id='word_1_41' title='bbox 1028 1005 1080 1072; x_wconf 77' lang='lat' dir='ltr'><strong>Eu</strong></span> <span class='ocrx_word' id='word_1_42' title='bbox 1100 1005 1162 1072; x_wconf 85' lang='lat' dir='ltr'><strong>hric</strong></span> <span class='ocrx_word' id='word_1_43' title='bbox 1184 1008 1325 1076; x_wconf 76' lang='lat' dir='ltr'><strong>doctrind</strong></span> <span class='ocrx_word' id='word_1_44' title='bbox 1348 1011 1422 1078; x_wconf 88' lang='lat' dir='ltr'><strong>licet</strong></span> 
     </span>
     <span class='ocr_line' id='line_1_6' title="bbox 135 1115 1422 1212; baseline -0.003 -23"><span class='ocrx_word' id='word_1_45' title='bbox 135 1147 260 1212; x_wconf 87' lang='lat' dir='ltr'><strong>quoque</strong></span> <span class='ocrx_word' id='word_1_46' title='bbox 274 1123 425 1209; x_wconf 77' lang='lat' dir='ltr'><strong>conjicere</strong></span> <span class='ocrx_word' id='word_1_47' title='bbox 438 1144 502 1187; x_wconf 93' lang='lat' dir='ltr'><strong>non</strong></span> <span class='ocrx_word' id='word_1_48' title='bbox 516 1123 634 1207; x_wconf 68' lang='lat' dir='ltr'><strong>absqroe</strong></span> <span class='ocrx_word' id='word_1_49' title='bbox 648 1119 788 1196; x_wconf 56' lang='lat' dir='ltr'><strong>utilitate.</strong></span> <span class='ocrx_word' id='word_1_50' title='bbox 810 1131 915 1184; x_wconf 88' lang='lat' dir='ltr'><strong>motus</strong></span> <span class='ocrx_word' id='word_1_51' title='bbox 929 1115 1097 1184; x_wconf 70' lang='lat' dir='ltr'><strong>satellitum</strong></span> <span class='ocrx_word' id='word_1_52' title='bbox 1112 1117 1197 1182; x_wconf 82' lang='lat' dir='ltr'><strong>ciros</strong></span> <span class='ocrx_word' id='word_1_53' title='bbox 1210 1141 1285 1184; x_wconf 80' lang='lat' dir='ltr'><strong>axes</strong></span> <span class='ocrx_word' id='word_1_54' title='bbox 1300 1141 1375 1186; x_wconf 87' lang='lat' dir='ltr'><strong>suos</strong></span> <span class='ocrx_word' id='word_1_55' title='bbox 1390 1134 1422 1194; x_wconf 83' lang='lat' dir='ltr'><strong>et</strong></span> 
     </span>
     <span class='ocr_line' id='line_1_7' title="bbox 135 1223 1421 1316; baseline -0.003 -22"><span class='ocrx_word' id='word_1_56' title='bbox 135 1231 219 1296; x_wconf 82' lang='lat' dir='ltr'><strong>circa</strong></span> <span class='ocrx_word' id='word_1_57' title='bbox 240 1231 403 1316; x_wconf 83' lang='lat' dir='ltr'><strong>primarios</strong></span> <span class='ocrx_word' id='word_1_58' title='bbox 425 1229 470 1294; x_wconf 88' lang='lat' dir='ltr'><strong>ita</strong></span> <span class='ocrx_word' id='word_1_59' title='bbox 485 1228 674 1314; x_wconf 83' lang='lat' dir='ltr'><strong>compositos</strong></span> <span class='ocrx_word' id='word_1_60' title='bbox 693 1247 761 1293; x_wconf 80' lang='lat' dir='ltr'><strong>esse</strong></span> <span class='ocrx_word' id='word_1_61' title='bbox 778 1237 814 1292; x_wconf 89' lang='lat' dir='ltr'><strong>ut</strong></span> <span class='ocrx_word' id='word_1_62' title='bbox 829 1225 915 1292; x_wconf 87' lang='lat' dir='ltr'><strong>idem</strong></span> <span class='ocrx_word' id='word_1_63' title='bbox 927 1223 1173 1310; x_wconf 74' lang='lat' dir='ltr'><strong>hemispherium</strong></span> <span class='ocrx_word' id='word_1_64' title='bbox 1184 1225 1249 1290; x_wconf 88' lang='lat' dir='ltr'><strong>suis</strong></span> <span class='ocrx_word' id='word_1_65' title='bbox 1263 1226 1421 1311; x_wconf 73' lang='lat' dir='ltr'><strong>primatiis</strong></span> 
     </span>
     <span class='ocr_line' id='line_1_8' title="bbox 135 1336 1421 1430; baseline 0.002 -27"><span class='ocrx_word' id='word_1_66' title='bbox 135 1362 257 1426; x_wconf 82' lang='lat' dir='ltr'><strong>semper</strong></span> <span class='ocrx_word' id='word_1_67' title='bbox 278 1339 452 1416; x_wconf 88' lang='lat' dir='ltr'><strong>ostendant,</strong></span> <span class='ocrx_word' id='word_1_68' title='bbox 476 1339 647 1430; x_wconf 72' lang='lat' dir='ltr'><strong>secundum</strong></span> <span class='ocrx_word' id='word_1_69' title='bbox 669 1337 853 1405; x_wconf 83' lang='lat' dir='ltr'><strong>sententiam</strong></span> <span class='ocrx_word' id='word_1_70' title='bbox 874 1336 972 1402; x_wconf 86' lang='lat' dir='ltr'><strong>celeb.</strong></span> <span class='ocrx_word' id='word_1_71' title='bbox 996 1348 1262 1414; x_wconf 68' lang='lat' dir='ltr'><strong>astronomorum.</strong></span> <span class='ocrx_word' id='word_1_72' title='bbox 1302 1340 1421 1408; x_wconf 89' lang='lat' dir='ltr'><strong>Verisi-</strong></span> 
     </span>
     <span class='ocr_line' id='line_1_9' title="bbox 135 1443 1421 1523; baseline 0.002 -10"><span class='ocrx_word' id='word_1_73' title='bbox 135 1449 209 1513; x_wconf 87' lang='lat' dir='ltr'><strong>mile</strong></span> <span class='ocrx_word' id='word_1_74' title='bbox 227 1449 311 1514; x_wconf 88' lang='lat' dir='ltr'><strong>enim</strong></span> <span class='ocrx_word' id='word_1_75' title='bbox 332 1460 380 1514; x_wconf 84' lang='lat' dir='ltr'><strong>est</strong></span> <span class='ocrx_word' id='word_1_76' title='bbox 400 1459 504 1514; x_wconf 88' lang='lat' dir='ltr'><strong>motus</strong></span> <span class='ocrx_word' id='word_1_77' title='bbox 517 1447 611 1512; x_wconf 84' lang='lat' dir='ltr'><strong>maris</strong></span> <span class='ocrx_word' id='word_1_78' title='bbox 625 1447 737 1510; x_wconf 87' lang='lat' dir='ltr'><strong>nimios</strong></span> <span class='ocrx_word' id='word_1_79' title='bbox 752 1447 785 1510; x_wconf 91' lang='lat' dir='ltr'><strong>in</strong></span> <span class='ocrx_word' id='word_1_80' title='bbox 799 1443 981 1510; x_wconf 85' lang='lat' dir='ltr'><strong>satellitibus</strong></span> <span class='ocrx_word' id='word_1_81' title='bbox 995 1444 1072 1508; x_wconf 89' lang='lat' dir='ltr'><strong>cieri</strong></span> <span class='ocrx_word' id='word_1_82' title='bbox 1086 1445 1204 1523; x_wconf 89' lang='lat' dir='ltr'><strong>deberi,</strong></span> <span class='ocrx_word' id='word_1_83' title='bbox 1228 1448 1254 1510; x_wconf 83' lang='lat' dir='ltr'><strong>si</strong></span> <span class='ocrx_word' id='word_1_84' title='bbox 1274 1469 1343 1514; x_wconf 84' lang='lat' dir='ltr'><strong>cunr</strong></span> <span class='ocrx_word' id='word_1_85' title='bbox 1360 1451 1421 1516; x_wconf 78' lang='lat' dir='ltr'><strong>alit</strong></span> 
     </span>
     <span class='ocr_line' id='line_1_10' title="bbox 134 1551 1420 1650; baseline 0.001 -28"><span class='ocrx_word' id='word_1_86' title='bbox 134 1558 241 1645; x_wconf 73' lang='lat' dir='ltr'><strong>quivis</strong></span> <span class='ocrx_word' id='word_1_87' title='bbox 263 1557 425 1622; x_wconf 82' lang='lat' dir='ltr'><strong>velocitate</strong></span> <span class='ocrx_word' id='word_1_88' title='bbox 446 1559 529 1622; x_wconf 83' lang='lat' dir='ltr'><strong>circa</strong></span> <span class='ocrx_word' id='word_1_89' title='bbox 549 1575 625 1625; x_wconf 79' lang='lat' dir='ltr'><strong>axes</strong></span> <span class='ocrx_word' id='word_1_90' title='bbox 646 1577 720 1622; x_wconf 86' lang='lat' dir='ltr'><strong>suos</strong></span> <span class='ocrx_word' id='word_1_91' title='bbox 739 1551 989 1632; x_wconf 81' lang='lat' dir='ltr'><strong>revolverentur3</strong></span> <span class='ocrx_word' id='word_1_92' title='bbox 1012 1557 1100 1642; x_wconf 89' lang='lat' dir='ltr'><strong>aquis</strong></span> <span class='ocrx_word' id='word_1_93' title='bbox 1114 1570 1220 1622; x_wconf 88' lang='lat' dir='ltr'><strong>autem</strong></span> <span class='ocrx_word' id='word_1_94' title='bbox 1238 1558 1273 1622; x_wconf 91' lang='lat' dir='ltr'><strong>in</strong></span> <span class='ocrx_word' id='word_1_95' title='bbox 1289 1558 1339 1623; x_wconf 88' lang='lat' dir='ltr'><strong>his</strong></span> <span class='ocrx_word' id='word_1_96' title='bbox 1354 1561 1420 1650; x_wconf 85' lang='lat' dir='ltr'><strong>agi-</strong></span> 
     </span>
     <span class='ocr_line' id='line_1_11' title="bbox 134 1663 1422 1752; baseline 0.002 -22"><span class='ocrx_word' id='word_1_97' title='bbox 134 1665 236 1731; x_wconf 82' lang='lat' dir='ltr'><strong>tandis</strong></span> <span class='ocrx_word' id='word_1_98' title='bbox 252 1668 292 1750; x_wconf 91' lang='lat' dir='ltr'><strong>(si</strong></span> <span class='ocrx_word' id='word_1_99' title='bbox 306 1687 377 1752; x_wconf 83' lang='lat' dir='ltr'><strong>quae</strong></span> <span class='ocrx_word' id='word_1_100' title='bbox 392 1665 466 1746; x_wconf 84' lang='lat' dir='ltr'><strong>sint)</strong></span> <span class='ocrx_word' id='word_1_101' title='bbox 482 1663 622 1731; x_wconf 85' lang='lat' dir='ltr'><strong>sufficere</strong></span> <span class='ocrx_word' id='word_1_102' title='bbox 635 1675 768 1750; x_wconf 82' lang='lat' dir='ltr'><strong>possunt</strong></span> <span class='ocrx_word' id='word_1_103' title='bbox 782 1675 877 1728; x_wconf 82' lang='lat' dir='ltr'><strong>oestus</strong></span> <span class='ocrx_word' id='word_1_104' title='bbox 892 1685 934 1726; x_wconf 88' lang='lat' dir='ltr'><strong>ex</strong></span> <span class='ocrx_word' id='word_1_105' title='bbox 948 1663 1042 1728; x_wconf 84' lang='lat' dir='ltr'><strong>variis</strong></span> <span class='ocrx_word' id='word_1_106' title='bbox 1057 1664 1225 1730; x_wconf 80' lang='lat' dir='ltr'><strong>satellitum</strong></span> <span class='ocrx_word' id='word_1_107' title='bbox 1239 1665 1392 1734; x_wconf 76' lang='lat' dir='ltr'><strong>distantiis</strong></span> <span class='ocrx_word' id='word_1_108' title='bbox 1401 1691 1422 1732; x_wconf 87' lang='lat' dir='ltr'><strong>a</strong></span> 
     </span>
     <span class='ocr_line' id='line_1_12' title="bbox 136 1774 535 1861; baseline 0 -21"><span class='ocrx_word' id='word_1_109' title='bbox 136 1777 199 1842; x_wconf 91' lang='lat' dir='ltr'><strong>suis</strong></span> <span class='ocrx_word' id='word_1_110' title='bbox 214 1777 369 1861; x_wconf 84' lang='lat' dir='ltr'><strong>primariis</strong></span> <span class='ocrx_word' id='word_1_111' title='bbox 384 1774 535 1841; x_wconf 85' lang='lat' dir='ltr'><strong>oriundis.</strong></span> 
     </span>
    </p>
   </div>
   <div class='ocr_carea' id='block_1_3' title="bbox 643 2029 924 2107">
    <p class='ocr_par' dir='ltr' id='par_1_3' title="bbox 643 2029 924 2107">
     <span class='ocr_line' id='line_1_13' title="bbox 643 2029 924 2107; baseline -0.007 0"><span class='ocrx_word' id='word_1_112' title='bbox 643 2029 828 2107; x_wconf 82' lang='lat' dir='ltr'>SECTIO</span> <span class='ocrx_word' id='word_1_113' title='bbox 855 2029 924 2105; x_wconf 91' lang='lat' dir='ltr'><strong>IV.</strong></span> 
     </span>
    </p>
   </div>
   <div class='ocr_carea' id='block_1_4' title="bbox 186 2215 1368 2391">
    <p class='ocr_par' dir='ltr' id='par_1_4' title="bbox 186 2215 1368 2391">
     <span class='ocr_line' id='line_1_14' title="bbox 186 2215 1368 2301; baseline -0.003 -18"><span class='ocrx_word' id='word_1_114' title='bbox 186 2220 238 2283; x_wconf 86' lang='lat' dir='ltr'><strong>De</strong></span> <span class='ocrx_word' id='word_1_115' title='bbox 252 2228 331 2282; x_wconf 82' lang='lat' dir='ltr'><strong>motu</strong></span> <span class='ocrx_word' id='word_1_116' title='bbox 345 2219 438 2282; x_wconf 74' lang='lat' dir='ltr'><strong>naris</strong></span> <span class='ocrx_word' id='word_1_117' title='bbox 451 2215 596 2301; x_wconf 57' lang='lat' dir='ltr'><strong>wenta</strong></span> <span class='ocrx_word' id='word_1_118' title='bbox 609 2239 647 2280; x_wconf 75' lang='lat' dir='ltr'><strong>en</strong></span> <span class='ocrx_word' id='word_1_119' title='bbox 659 2227 740 2282; x_wconf 82' lang='lat' dir='ltr'><strong>motu</strong></span> <span class='ocrx_word' id='word_1_120' title='bbox 758 2217 889 2282; x_wconf 59' lang='lat' dir='ltr'><strong>Teuma</strong></span> <span class='ocrx_word' id='word_1_121' title='bbox 902 2219 1013 2282; x_wconf 80' lang='lat' dir='ltr'><strong>diuma</strong></span> <span class='ocrx_word' id='word_1_122' title='bbox 1027 2218 1135 2282; x_wconf 79' lang='lat' dir='ltr'><strong>aliisue</strong></span> <span class='ocrx_word' id='word_1_123' title='bbox 1149 2219 1187 2282; x_wconf 78' lang='lat' dir='ltr'><strong>de</strong></span> <span class='ocrx_word' id='word_1_124' title='bbox 1201 2218 1298 2281; x_wconf 81' lang='lat' dir='ltr'><strong>causis</strong></span> <span class='ocrx_word' id='word_1_125' title='bbox 1312 2218 1368 2280; x_wconf 85' lang='lat' dir='ltr'><strong>im·</strong></span> 
     </span>
     <span class='ocr_line' id='line_1_15' title="bbox 710 2337 851 2391; baseline -0.007 0"><span class='ocrx_word' id='word_1_126' title='bbox 710 2337 851 2391; x_wconf 70' lang='lat' dir='ltr'><strong>montio.</strong></span> 
     </span>
    </p>
   </div>
   <div class='ocr_carea' id='block_1_5' title="bbox 135 2518 1421 4432">
    <p class='ocr_par' dir='ltr' id='par_1_5' title="bbox 135 2518 1421 4432">
     <span class='ocr_line' id='line_1_16' title="bbox 180 2518 1421 2606; baseline -0.002 -20"><span class='ocrx_word' id='word_1_127' title='bbox 180 2519 381 2586; x_wconf 89' lang='lat' dir='ltr'><strong>Ostendimus</strong></span> <span class='ocrx_word' id='word_1_128' title='bbox 402 2521 435 2584; x_wconf 91' lang='lat' dir='ltr'><strong>in</strong></span> <span class='ocrx_word' id='word_1_129' title='bbox 456 2521 600 2586; x_wconf 86' lang='lat' dir='ltr'><strong>Sectione</strong></span> <span class='ocrx_word' id='word_1_130' title='bbox 618 2521 809 2606; x_wconf 78' lang='lat' dir='ltr'><strong>praecedenti</strong></span> <span class='ocrx_word' id='word_1_131' title='bbox 829 2518 967 2586; x_wconf 86' lang='lat' dir='ltr'><strong>Terram</strong></span> <span class='ocrx_word' id='word_1_132' title='bbox 981 2519 1111 2585; x_wconf 85' lang='lat' dir='ltr'><strong>fluidam</strong></span> <span class='ocrx_word' id='word_1_133' title='bbox 1126 2519 1234 2586; x_wconf 71' lang='lat' dir='ltr'><strong>versis</strong></span> <span class='ocrx_word' id='word_1_134' title='bbox 1251 2519 1357 2585; x_wconf 86' lang='lat' dir='ltr'><strong>Solem</strong></span> <span class='ocrx_word' id='word_1_135' title='bbox 1371 2518 1421 2584; x_wconf 82' lang='lat' dir='ltr'><strong>vel</strong></span> 
     </span>
     <span class='ocr_line' id='line_1_17' title="bbox 135 2626 1420 2717; baseline 0 -25"><span class='ocrx_word' id='word_1_136' title='bbox 135 2626 261 2692; x_wconf 85' lang='lat' dir='ltr'><strong>Lunam</strong></span> <span class='ocrx_word' id='word_1_137' title='bbox 282 2627 453 2714; x_wconf 84' lang='lat' dir='ltr'><strong>inaeqaliter</strong></span> <span class='ocrx_word' id='word_1_138' title='bbox 474 2649 601 2716; x_wconf 81' lang='lat' dir='ltr'><strong>gravem</strong></span> <span class='ocrx_word' id='word_1_139' title='bbox 624 2628 809 2713; x_wconf 86' lang='lat' dir='ltr'><strong>sphaeroidis</strong></span> <span class='ocrx_word' id='word_1_140' title='bbox 825 2629 971 2717; x_wconf 70' lang='lat' dir='ltr'><strong>oblonga</strong></span> <span class='ocrx_word' id='word_1_141' title='bbox 985 2627 1121 2716; x_wconf 80' lang='lat' dir='ltr'><strong>figuram</strong></span> <span class='ocrx_word' id='word_1_142' title='bbox 1143 2629 1274 2694; x_wconf 89' lang='lat' dir='ltr'><strong>induere</strong></span> <span class='ocrx_word' id='word_1_143' title='bbox 1288 2627 1420 2702; x_wconf 82' lang='lat' dir='ltr'><strong>debere;</strong></span> 
     </span>
     <span class='ocr_line' id='line_1_18' title="bbox 135 2734 1050 2817; baseline 0.002 -21"><span class='ocrx_word' id='word_1_144' title='bbox 135 2735 220 2817; x_wconf 88' lang='lat' dir='ltr'><strong>cujus</strong></span> <span class='ocrx_word' id='word_1_145' title='bbox 242 2734 309 2796; x_wconf 83' lang='lat' dir='ltr'><strong>axis</strong></span> <span class='ocrx_word' id='word_1_146' title='bbox 331 2745 523 2798; x_wconf 88' lang='lat' dir='ltr'><strong>transversus</strong></span> <span class='ocrx_word' id='word_1_147' title='bbox 537 2755 600 2817; x_wconf 90' lang='lat' dir='ltr'><strong>per</strong></span> <span class='ocrx_word' id='word_1_148' title='bbox 621 2749 762 2799; x_wconf 89' lang='lat' dir='ltr'><strong>centrum</strong></span> <span class='ocrx_word' id='word_1_149' title='bbox 781 2735 942 2798; x_wconf 86' lang='lat' dir='ltr'><strong>luminaris</strong></span> <span class='ocrx_word' id='word_1_150' title='bbox 964 2745 1050 2798; x_wconf 89' lang='lat' dir='ltr'><strong>tran·</strong></span> 
     </span>
     <span class='ocr_line' id='line_1_19' title="bbox 139 2837 1051 2916; baseline 0.003 -15"><span class='ocrx_word' id='word_1_151' title='bbox 139 2837 221 2916; x_wconf 78' lang='lat' dir='ltr'><strong>siret,</strong></span> <span class='ocrx_word' id='word_1_152' title='bbox 247 2840 273 2902; x_wconf 90' lang='lat' dir='ltr'><strong>si</strong></span> <span class='ocrx_word' id='word_1_153' title='bbox 297 2840 399 2904; x_wconf 84' lang='lat' dir='ltr'><strong>Terra</strong></span> <span class='ocrx_word' id='word_1_154' title='bbox 423 2861 487 2903; x_wconf 89' lang='lat' dir='ltr'><strong>non</strong></span> <span class='ocrx_word' id='word_1_155' title='bbox 510 2840 721 2905; x_wconf 86' lang='lat' dir='ltr'><strong>revolveretur</strong></span> <span class='ocrx_word' id='word_1_156' title='bbox 742 2840 823 2904; x_wconf 86' lang='lat' dir='ltr'><strong>circa</strong></span> <span class='ocrx_word' id='word_1_157' title='bbox 840 2861 931 2904; x_wconf 80' lang='lat' dir='ltr'><strong>axem</strong></span> <span class='ocrx_word' id='word_1_158' title='bbox 960 2861 1051 2904; x_wconf 85' lang='lat' dir='ltr'><strong>suurn</strong></span> 
     </span>
     <span class='ocr_line' id='line_1_20' title="bbox 135 2945 1049 3034; baseline 0.002 -26"><span class='ocrx_word' id='word_1_159' title='bbox 135 2958 222 3008; x_wconf 90' lang='lat' dir='ltr'><strong>motu</strong></span> <span class='ocrx_word' id='word_1_160' title='bbox 234 2945 364 3022; x_wconf 84' lang='lat' dir='ltr'><strong>diurn03</strong></span> <span class='ocrx_word' id='word_1_161' title='bbox 387 2960 419 3010; x_wconf 88' lang='lat' dir='ltr'><strong>et</strong></span> <span class='ocrx_word' id='word_1_162' title='bbox 429 2969 591 3011; x_wconf 84' lang='lat' dir='ltr'><strong>ascensum</strong></span> <span class='ocrx_word' id='word_1_163' title='bbox 606 2969 695 3034; x_wconf 81' lang='lat' dir='ltr'><strong>aquae</strong></span> <span class='ocrx_word' id='word_1_164' title='bbox 711 2947 743 3010; x_wconf 93' lang='lat' dir='ltr'><strong>in</strong></span> <span class='ocrx_word' id='word_1_165' title='bbox 758 2945 923 3032; x_wconf 82' lang='lat' dir='ltr'><strong>hypothesi</strong></span> <span class='ocrx_word' id='word_1_166' title='bbox 938 2945 1049 3010; x_wconf 83' lang='lat' dir='ltr'><strong>Terroe</strong></span> 
     </span>
     <span class='ocr_line' id='line_1_21' title="bbox 136 3041 1098 3138; baseline 0.002 -22"><span class='ocrx_word' id='word_1_167' title='bbox 136 3041 321 3138; x_wconf 79' lang='lat' dir='ltr'><strong>quiescentis</strong></span> <span class='ocrx_word' id='word_1_168' title='bbox 345 3075 385 3116; x_wconf 88' lang='lat' dir='ltr'><strong>ex</strong></span> <span class='ocrx_word' id='word_1_169' title='bbox 401 3055 434 3118; x_wconf 89' lang='lat' dir='ltr'><strong>vi</strong></span> <span class='ocrx_word' id='word_1_170' title='bbox 458 3053 539 3118; x_wconf 90' lang='lat' dir='ltr'><strong>Solis</strong></span> <span class='ocrx_word' id='word_1_171' title='bbox 554 3055 722 3118; x_wconf 90' lang='lat' dir='ltr'><strong>oriundum</strong></span> <span class='ocrx_word' id='word_1_172' title='bbox 736 3053 942 3118; x_wconf 89' lang='lat' dir='ltr'><strong>definivimus.</strong></span> <span class='ocrx_word' id='word_1_173' title='bbox 986 3053 1050 3118; x_wconf 87' lang='lat' dir='ltr'><strong>Ve-</strong></span> <span class='ocrx_word' id='word_1_174' title='bbox 1094 3115 1098 3124; x_wconf 88' lang='grc'><strong>,</strong></span> 
     </span>
     <span class='ocr_line' id='line_1_22' title="bbox 136 3158 1132 3227; baseline 0.005 -5"><span class='ocrx_word' id='word_1_175' title='bbox 136 3159 207 3222; x_wconf 77' lang='lat' dir='ltr'><strong>rium</strong></span> <span class='ocrx_word' id='word_1_176' title='bbox 222 3160 263 3223; x_wconf 95' lang='lat' dir='ltr'><strong>ob</strong></span> <span class='ocrx_word' id='word_1_177' title='bbox 278 3171 398 3223; x_wconf 91' lang='lat' dir='ltr'><strong>motum</strong></span> <span class='ocrx_word' id='word_1_178' title='bbox 412 3160 522 3223; x_wconf 83' lang='lat' dir='ltr'><strong>Terrae</strong></span> <span class='ocrx_word' id='word_1_179' title='bbox 537 3159 659 3222; x_wconf 83' lang='lat' dir='ltr'><strong>diversa</strong></span> <span class='ocrx_word' id='word_1_180' title='bbox 673 3171 720 3221; x_wconf 91' lang='lat' dir='ltr'><strong>est</strong></span> <span class='ocrx_word' id='word_1_181' title='bbox 734 3158 813 3220; x_wconf 83' lang='lat' dir='ltr'><strong>ratio</strong></span> <span class='ocrx_word' id='word_1_182' title='bbox 830 3159 924 3222; x_wconf 76' lang='lat' dir='ltr'><strong>aestirs</strong></span> <span class='ocrx_word' id='word_1_183' title='bbox 945 3160 1048 3222; x_wconf 87' lang='lat' dir='ltr'><strong>maris.</strong></span> <span class='ocrx_word' id='word_1_184' title='bbox 1101 3171 1132 3227; x_wconf 80' lang='grc' dir='ltr'><strong><em>Κ</em></strong></span> 
     </span>
     <span class='ocr_line' id='line_1_23' title="bbox 138 3264 1050 3353; baseline -0.001 -23"><span class='ocrx_word' id='word_1_185' title='bbox 138 3267 227 3330; x_wconf 92' lang='lat' dir='ltr'><strong>Hinc</strong></span> <span class='ocrx_word' id='word_1_186' title='bbox 240 3267 324 3330; x_wconf 85' lang='lat' dir='ltr'><strong>enim</strong></span> <span class='ocrx_word' id='word_1_187' title='bbox 338 3289 418 3352; x_wconf 87' lang='lat' dir='ltr'><strong>aqua</strong></span> <span class='ocrx_word' id='word_1_188' title='bbox 432 3287 591 3353; x_wconf 89' lang='lat' dir='ltr'><strong>nunquam</strong></span> <span class='ocrx_word' id='word_1_189' title='bbox 606 3265 642 3328; x_wconf 90' lang='lat' dir='ltr'><strong>fit</strong></span> <span class='ocrx_word' id='word_1_190' title='bbox 656 3265 689 3328; x_wconf 92' lang='lat' dir='ltr'><strong>in</strong></span> <span class='ocrx_word' id='word_1_191' title='bbox 704 3264 888 3351; x_wconf 81' lang='lat' dir='ltr'><strong>aequilibrio,</strong></span> <span class='ocrx_word' id='word_1_192' title='bbox 909 3265 964 3330; x_wconf 90' lang='lat' dir='ltr'><strong>sed</strong></span> <span class='ocrx_word' id='word_1_193' title='bbox 978 3287 1050 3351; x_wconf 84' lang='lat' dir='ltr'><strong>per·</strong></span> 
     </span>
     <span class='ocr_line' id='line_1_24' title="bbox 135 3373 1053 3462; baseline 0 -24"><span class='ocrx_word' id='word_1_194' title='bbox 135 3374 237 3459; x_wconf 91' lang='lat' dir='ltr'><strong>petuis</strong></span> <span class='ocrx_word' id='word_1_195' title='bbox 263 3374 399 3438; x_wconf 88' lang='lat' dir='ltr'><strong>motibus</strong></span> <span class='ocrx_word' id='word_1_196' title='bbox 422 3373 565 3462; x_wconf 80' lang='lat' dir='ltr'><strong>agitatur.</strong></span> <span class='ocrx_word' id='word_1_197' title='bbox 634 3375 855 3460; x_wconf 88' lang='lat' dir='ltr'><strong>Supponamus</strong></span> <span class='ocrx_word' id='word_1_198' title='bbox 886 3375 991 3440; x_wconf 83' lang='lat' dir='ltr'><strong>Solem</strong></span> <span class='ocrx_word' id='word_1_199' title='bbox 1020 3386 1053 3440; x_wconf 87' lang='lat' dir='ltr'><strong>et</strong></span> 
     </span>
     <span class='ocr_line' id='line_1_25' title="bbox 137 3479 1051 3568; baseline 0 -22"><span class='ocrx_word' id='word_1_200' title='bbox 137 3481 260 3546; x_wconf 86' lang='lat' dir='ltr'><strong>Lunam</strong></span> <span class='ocrx_word' id='word_1_201' title='bbox 286 3482 468 3567; x_wconf 88' lang='lat' dir='ltr'><strong>conjunctos</strong></span> <span class='ocrx_word' id='word_1_202' title='bbox 492 3479 542 3546; x_wconf 90' lang='lat' dir='ltr'><strong>vel</strong></span> <span class='ocrx_word' id='word_1_203' title='bbox 567 3483 727 3568; x_wconf 88' lang='lat' dir='ltr'><strong>oppositos</strong></span> <span class='ocrx_word' id='word_1_204' title='bbox 752 3484 867 3546; x_wconf 86' lang='lat' dir='ltr'><strong>versari</strong></span> <span class='ocrx_word' id='word_1_205' title='bbox 894 3483 928 3546; x_wconf 90' lang='lat' dir='ltr'><strong>iu</strong></span> <span class='ocrx_word' id='word_1_206' title='bbox 955 3483 1051 3567; x_wconf 88' lang='lat' dir='ltr'><strong>plano</strong></span> 
     </span>
     <span class='ocr_line' id='line_1_26' title="bbox 136 3587 1122 3676; baseline 0.002 -24"><span class='ocrx_word' id='word_1_207' title='bbox 136 3588 301 3673; x_wconf 79' lang='lat' dir='ltr'><strong>aequatoris</strong></span> <span class='ocrx_word' id='word_1_208' title='bbox 317 3590 347 3651; x_wconf 91' lang='lat' dir='ltr'>A</span> <span class='ocrx_word' id='word_1_209' title='bbox 360 3587 388 3651; x_wconf 91' lang='lat' dir='ltr'>B</span> <span class='ocrx_word' id='word_1_210' title='bbox 399 3587 448 3652; x_wconf 86' lang='lat' dir='ltr'><strong>ab</strong></span> <span class='ocrx_word' id='word_1_211' title='bbox 455 3611 465 3664; x_wconf 83' lang='lat'><em>3</em></span> <span class='ocrx_word' id='word_1_212' title='bbox 480 3589 519 3652; x_wconf 87' lang='lat' dir='ltr'><strong>sit</strong></span> <span class='ocrx_word' id='word_1_213' title='bbox 531 3590 590 3653; x_wconf 86' lang='lat' dir='ltr'><strong>Aa</strong></span> <span class='ocrx_word' id='word_1_214' title='bbox 604 3588 755 3654; x_wconf 84' lang='lat' dir='ltr'><strong>diameter</strong></span> <span class='ocrx_word' id='word_1_215' title='bbox 769 3611 840 3676; x_wconf 79' lang='lat' dir='ltr'><strong>quoe</strong></span> <span class='ocrx_word' id='word_1_216' title='bbox 853 3611 911 3676; x_wconf 90' lang='lat' dir='ltr'><strong>per</strong></span> <span class='ocrx_word' id='word_1_217' title='bbox 924 3589 1050 3656; x_wconf 88' lang='lat' dir='ltr'><strong>illorum</strong></span> <span class='ocrx_word' id='word_1_218' title='bbox 1094 3604 1122 3671; x_wconf 76' lang='lat'><strong>1,</strong></span> 
     </span>
     <span class='ocr_line' id='line_1_27' title="bbox 137 3656 1158 3801; baseline 0.003 -41"><span class='ocrx_word' id='word_1_219' title='bbox 137 3711 242 3762; x_wconf 87' lang='lat' dir='ltr'><strong>centra</strong></span> <span class='ocrx_word' id='word_1_220' title='bbox 271 3697 392 3775; x_wconf 80' lang='lat' dir='ltr'><strong>transit,</strong></span> <span class='ocrx_word' id='word_1_221' title='bbox 424 3698 453 3763; x_wconf 93' lang='lat' dir='ltr'><strong>B</strong></span> <span class='ocrx_word' id='word_1_222' title='bbox 475 3699 497 3762; x_wconf 95' lang='lat' dir='ltr'>b</span> <span class='ocrx_word' id='word_1_223' title='bbox 525 3697 599 3763; x_wconf 87' lang='lat' dir='ltr'><strong>huic</strong></span> <span class='ocrx_word' id='word_1_224' title='bbox 628 3698 903 3784; x_wconf 82' lang='lat' dir='ltr'><strong>perpendicularis.</strong></span> <span class='ocrx_word' id='word_1_225' title='bbox 962 3699 1051 3764; x_wconf 92' lang='lat' dir='ltr'><strong>Dum</strong></span> <span class='ocrx_word' id='word_1_226' title='bbox 1131 3656 1158 3801; x_wconf 46' lang='lat' dir='ltr'><strong>l</strong></span> 
     </span>
     <span class='ocr_line' id='line_1_28' title="bbox 137 3805 1150 3895; baseline 0.007 -32"><span class='ocrx_word' id='word_1_227' title='bbox 137 3824 226 3887; x_wconf 84' lang='lat' dir='ltr'><strong>aquae</strong></span> <span class='ocrx_word' id='word_1_228' title='bbox 240 3805 337 3869; x_wconf 88' lang='lat' dir='ltr'><strong>moles</strong></span> <span class='ocrx_word' id='word_1_229' title='bbox 352 3805 522 3870; x_wconf 86' lang='lat' dir='ltr'><strong>revolvitur</strong></span> <span class='ocrx_word' id='word_1_230' title='bbox 540 3819 627 3872; x_wconf 90' lang='lat' dir='ltr'><strong>motu</strong></span> <span class='ocrx_word' id='word_1_231' title='bbox 649 3807 773 3888; x_wconf 88' lang='lat' dir='ltr'><strong>diurno,</strong></span> <span class='ocrx_word' id='word_1_232' title='bbox 795 3820 950 3895; x_wconf 78' lang='lat' dir='ltr'><strong>augentur</strong></span> <span class='ocrx_word' id='word_1_233' title='bbox 969 3807 1049 3871; x_wconf 88' lang='lat' dir='ltr'><strong>vires</strong></span> <span class='ocrx_word' id='word_1_234' title='bbox 1121 3807 1150 3870; x_wconf 80' lang='grc' dir='ltr'><strong><em>Ε</em></strong></span> 
     </span>
     <span class='ocr_line' id='line_1_29' title="bbox 138 3907 1051 4001; baseline 0.008 -29"><span class='ocrx_word' id='word_1_235' title='bbox 138 3907 250 3993; x_wconf 85' lang='lat' dir='ltr'><strong>quibos</strong></span> <span class='ocrx_word' id='word_1_236' title='bbox 265 3933 411 3976; x_wconf 83' lang='lat' dir='ltr'><strong>ascensus</strong></span> <span class='ocrx_word' id='word_1_237' title='bbox 428 3914 494 3998; x_wconf 86' lang='lat' dir='ltr'><strong>ejus</strong></span> <span class='ocrx_word' id='word_1_238' title='bbox 508 3927 709 4000; x_wconf 88' lang='lat' dir='ltr'><strong>promovetur</strong></span> <span class='ocrx_word' id='word_1_239' title='bbox 727 3916 760 3982; x_wconf 85' lang='lat' dir='ltr'><strong>in</strong></span> <span class='ocrx_word' id='word_1_240' title='bbox 778 3918 911 3983; x_wconf 88' lang='lat' dir='ltr'><strong>transitu</strong></span> <span class='ocrx_word' id='word_1_241' title='bbox 924 3937 1014 4001; x_wconf 82' lang='lat' dir='ltr'><strong>aquoe</strong></span> <span class='ocrx_word' id='word_1_242' title='bbox 1031 3939 1051 3979; x_wconf 86' lang='lat' dir='ltr'><strong>a</strong></span> 
     </span>
     <span class='ocr_line' id='line_1_30' title="bbox 137 4011 1050 4100; baseline 0.013 -26"><span class='ocrx_word' id='word_1_243' title='bbox 137 4011 214 4078; x_wconf 88' lang='lat' dir='ltr'><strong>locis</strong></span> <span class='ocrx_word' id='word_1_244' title='bbox 230 4013 296 4080; x_wconf 89' lang='lat' dir='ltr'><strong>bet</strong></span> <span class='ocrx_word' id='word_1_245' title='bbox 307 4017 386 4084; x_wconf 87' lang='lat' dir='ltr'><strong>Bad</strong></span> <span class='ocrx_word' id='word_1_246' title='bbox 403 4023 434 4085; x_wconf 84' lang='lat' dir='ltr'>A</span> <span class='ocrx_word' id='word_1_247' title='bbox 448 4033 480 4086; x_wconf 88' lang='lat' dir='ltr'><strong>et</strong></span> <span class='ocrx_word' id='word_1_248' title='bbox 494 4043 522 4100; x_wconf 87' lang='lat' dir='ltr'><strong>a,</strong></span> <span class='ocrx_word' id='word_1_249' title='bbox 546 4035 578 4086; x_wconf 91' lang='lat' dir='ltr'><strong>et</strong></span> <span class='ocrx_word' id='word_1_250' title='bbox 598 4023 631 4086; x_wconf 93' lang='lat' dir='ltr'><strong>in</strong></span> <span class='ocrx_word' id='word_1_251' title='bbox 645 4021 695 4088; x_wconf 93' lang='lat' dir='ltr'><strong>his</strong></span> <span class='ocrx_word' id='word_1_252' title='bbox 709 4023 785 4090; x_wconf 91' lang='lat' dir='ltr'><strong>locis</strong></span> <span class='ocrx_word' id='word_1_253' title='bbox 800 4023 937 4090; x_wconf 87' lang='lat' dir='ltr'><strong>evadunt</strong></span> <span class='ocrx_word' id='word_1_254' title='bbox 950 4023 1050 4088; x_wconf 85' lang='lat' dir='ltr'><strong>maxi-</strong></span> 
     </span>
     <span class='ocr_line' id='line_1_31' title="bbox 138 4111 1051 4218; baseline 0.012 -36"><span class='ocrx_word' id='word_1_255' title='bbox 138 4140 216 4196; x_wconf 83' lang='lat' dir='ltr'><strong>mae3</strong></span> <span class='ocrx_word' id='word_1_256' title='bbox 240 4111 385 4189; x_wconf 85' lang='lat' dir='ltr'><strong>ascensus</strong></span> <span class='ocrx_word' id='word_1_257' title='bbox 398 4139 502 4194; x_wconf 87' lang='lat' dir='ltr'><strong>tamen</strong></span> <span class='ocrx_word' id='word_1_258' title='bbox 519 4151 610 4214; x_wconf 84' lang='lat' dir='ltr'><strong>aquae</strong></span> <span class='ocrx_word' id='word_1_259' title='bbox 631 4127 797 4218; x_wconf 82' lang='lat' dir='ltr'><strong>prorogari</strong></span> <span class='ocrx_word' id='word_1_260' title='bbox 812 4131 945 4208; x_wconf 90' lang='lat' dir='ltr'><strong>videtur,</strong></span> <span class='ocrx_word' id='word_1_261' title='bbox 965 4141 1051 4214; x_wconf 92' lang='lat' dir='ltr'><strong>post·</strong></span> 
     </span>
     <span class='ocr_line' id='line_1_32' title="bbox 137 4228 1050 4326; baseline 0.008 -30"><span class='ocrx_word' id='word_1_262' title='bbox 137 4228 231 4316; x_wconf 79' lang='lat' dir='ltr'><strong>qutm</strong></span> <span class='ocrx_word' id='word_1_263' title='bbox 248 4230 299 4294; x_wconf 81' lang='lat' dir='ltr'><strong>hae</strong></span> <span class='ocrx_word' id='word_1_264' title='bbox 317 4235 396 4298; x_wconf 87' lang='lat' dir='ltr'><strong>vires</strong></span> <span class='ocrx_word' id='word_1_265' title='bbox 416 4239 512 4304; x_wconf 88' lang='lat' dir='ltr'><strong>minui</strong></span> <span class='ocrx_word' id='word_1_266' title='bbox 530 4251 693 4324; x_wconf 77' lang='lat' dir='ltr'><strong>coeperunt</strong></span> <span class='ocrx_word' id='word_1_267' title='bbox 715 4263 813 4326; x_wconf 90' lang='lat' dir='ltr'><strong>usque</strong></span> <span class='ocrx_word' id='word_1_268' title='bbox 829 4239 894 4306; x_wconf 68' lang='lat' dir='ltr'><strong>iere</strong></span> <span class='ocrx_word' id='word_1_269' title='bbox 916 4241 957 4305; x_wconf 84' lang='lat' dir='ltr'><strong>ud</strong></span> <span class='ocrx_word' id='word_1_270' title='bbox 979 4240 1050 4304; x_wconf 85' lang='lat' dir='ltr'><strong>loca</strong></span> 
     </span>
     <span class='ocr_line' id='line_1_33' title="bbox 135 4336 1051 4432; baseline 0.011 -32"><span class='ocrx_word' id='word_1_271' title='bbox 135 4338 193 4402; x_wconf 91' lang='lat' dir='ltr'><strong>ubi</strong></span> <span class='ocrx_word' id='word_1_272' title='bbox 215 4336 267 4402; x_wconf 84' lang='lat' dir='ltr'><strong>hae</strong></span> <span class='ocrx_word' id='word_1_273' title='bbox 289 4339 370 4404; x_wconf 79' lang='lat' dir='ltr'><strong>vires</strong></span> <span class='ocrx_word' id='word_1_274' title='bbox 391 4345 591 4428; x_wconf 65' lang='lat' dir='ltr'><strong>aequipollent</strong></span> <span class='ocrx_word' id='word_1_275' title='bbox 605 4345 723 4408; x_wconf 91' lang='lat' dir='ltr'><strong>viribus</strong></span> <span class='ocrx_word' id='word_1_276' title='bbox 738 4345 850 4432; x_wconf 88' lang='lat' dir='ltr'><strong>quibus</strong></span> <span class='ocrx_word' id='word_1_277' title='bbox 866 4345 1051 4432; x_wconf 89' lang='lat' dir='ltr'><strong>deprimitur</strong></span> 
     </span>
    </p>
   </div>
   <div class='ocr_carea' id='block_1_6' title="bbox 7 4441 1053 4534">
    <p class='ocr_par' dir='ltr' id='par_1_6' title="bbox 7 4441 1053 4534">
     <span class='ocr_line' id='line_1_34' title="bbox 7 4441 1053 4534; baseline 0.013 -28"><span class='ocrx_word' id='word_1_278' title='bbox 7 4489 8 4496; x_wconf 20' lang='grc' dir='ltr'><strong>κ</strong></span> <span class='ocrx_word' id='word_1_279' title='bbox 135 4441 217 4508; x_wconf 85' lang='lat' dir='ltr'><strong>infra</strong></span> <span class='ocrx_word' id='word_1_280' title='bbox 232 4443 427 4510; x_wconf 84' lang='lat' dir='ltr'><strong>altitudinem</strong></span> <span class='ocrx_word' id='word_1_281' title='bbox 441 4471 534 4534; x_wconf 86' lang='lat' dir='ltr'><strong>quam</strong></span> <span class='ocrx_word' id='word_1_282' title='bbox 548 4453 731 4518; x_wconf 84' lang='lat' dir='ltr'><strong>naturaliter</strong></span> <span class='ocrx_word' id='word_1_283' title='bbox 745 4452 910 4531; x_wconf 80' lang='lat' dir='ltr'><strong>obtineret,</strong></span> <span class='ocrx_word' id='word_1_284' title='bbox 926 4455 953 4518; x_wconf 88' lang='lat' dir='ltr'><strong>si</strong></span> <span class='ocrx_word' id='word_1_285' title='bbox 965 4453 1053 4520; x_wconf 70' lang='lat' dir='ltr'><strong>nullu</strong></span> 
     </span>
    </p>
   </div>
   <div class='ocr_carea' id='block_1_7' title="bbox 135 4551 1425 4759">
    <p class='ocr_par' dir='ltr' id='par_1_7' title="bbox 135 4551 1425 4759">
     <span class='ocr_line' id='line_1_35' title="bbox 135 4551 1059 4644; baseline 0.017 -32"><span class='ocrx_word' id='word_1_286' title='bbox 135 4551 167 4616; x_wconf 83' lang='lat' dir='ltr'><strong>vi</strong></span> <span class='ocrx_word' id='word_1_287' title='bbox 197 4551 345 4618; x_wconf 64' lang='lat' dir='ltr'><strong>atraned</strong></span> <span class='ocrx_word' id='word_1_288' title='bbox 372 4567 474 4620; x_wconf 88' lang='lat' dir='ltr'><strong>motus</strong></span> <span class='ocrx_word' id='word_1_289' title='bbox 502 4579 590 4644; x_wconf 82' lang='lat' dir='ltr'><strong>aquae</strong></span> <span class='ocrx_word' id='word_1_290' title='bbox 618 4561 874 4644; x_wconf 84' lang='lat' dir='ltr'><strong>perturbaretur3</strong></span> <span class='ocrx_word' id='word_1_291' title='bbox 914 4561 994 4628; x_wconf 81' lang='lat' dir='ltr'><strong>adei)</strong></span> <span class='ocrx_word' id='word_1_292' title='bbox 1022 4573 1059 4628; x_wconf 91' lang='lat' dir='ltr'><strong>ut</strong></span> 
     </span>
     <span class='ocr_line' id='line_1_36' title="bbox 136 4663 1425 4759; baseline 0.005 -33"><span class='ocrx_word' id='word_1_293' title='bbox 136 4675 239 4726; x_wconf 88' lang='lat' dir='ltr'><strong>motus</strong></span> <span class='ocrx_word' id='word_1_294' title='bbox 260 4685 351 4750; x_wconf 77' lang='lat' dir='ltr'><strong>aquae</strong></span> <span class='ocrx_word' id='word_1_295' title='bbox 372 4665 562 4730; x_wconf 85' lang='lat' dir='ltr'><strong>considerari</strong></span> <span class='ocrx_word' id='word_1_296' title='bbox 582 4672 681 4753; x_wconf 87' lang='lat' dir='ltr'><strong>possit</strong></span> <span class='ocrx_word' id='word_1_297' title='bbox 702 4683 854 4759; x_wconf 86' lang='lat' dir='ltr'><strong>tanquam</strong></span> <span class='ocrx_word' id='word_1_298' title='bbox 883 4674 1073 4752; x_wconf 84' lang='lat' dir='ltr'><strong>libratorius,</strong></span> <span class='ocrx_word' id='word_1_299' title='bbox 1097 4685 1129 4740; x_wconf 83' lang='lat' dir='ltr'><strong>et</strong></span> <span class='ocrx_word' id='word_1_300' title='bbox 1152 4669 1336 4738; x_wconf 81' lang='lat' dir='ltr'><strong>tantundem</strong></span> <span class='ocrx_word' id='word_1_301' title='bbox 1361 4663 1425 4734; x_wconf 69' lang='lat' dir='ltr'><strong>ferd</strong></span> 
     </span>
    </p>
   </div>
   <div class='ocr_carea' id='block_1_8' title="bbox 136 4769 1425 4945">
    <p class='ocr_par' dir='ltr' id='par_1_8' title="bbox 136 4769 1425 4945">
     <span class='ocr_line' id='line_1_37' title="bbox 136 4769 1425 4930; baseline 0.01 -94"><span class='ocrx_word' id='word_1_302' title='bbox 136 4769 416 4930; x_wconf 50' lang='grc' dir='ltr'><strong>υῗηάιαιῑινίτίὴιω</strong></span> <span class='ocrx_word' id='word_1_303' title='bbox 430 4773 544 4860; x_wconf 86' lang='lat' dir='ltr'><strong>quibus</strong></span> <span class='ocrx_word' id='word_1_304' title='bbox 558 4777 698 4846; x_wconf 85' lang='lat' dir='ltr'><strong>elevatm</strong></span> <span class='ocrx_word' id='word_1_305' title='bbox 712 4781 971 4864; x_wconf 81' lang='lat' dir='ltr'><strong>decrescentibm,</strong></span> <span class='ocrx_word' id='word_1_306' title='bbox 984 4781 1078 4871; x_wconf 77' lang='lat' dir='ltr'><strong>quim</strong></span> <span class='ocrx_word' id='word_1_307' title='bbox 1088 4781 1198 4850; x_wconf 82' lang='lat' dir='ltr'><strong>iisdem</strong></span> <span class='ocrx_word' id='word_1_308' title='bbox 1206 4777 1425 4848; x_wconf 69' lang='lat' dir='ltr'><strong>emautur·</strong></span> 
     </span>
     <span class='ocr_line' id='line_1_38' title="bbox 196 4889 840 4945; baseline 0.016 -17"><span class='ocrx_word' id='word_1_309' title='bbox 196 4889 234 4928; x_wconf 82' lang='lat' dir='ltr'><strong>or.</strong></span> <span class='ocrx_word' id='word_1_310' title='bbox 626 4921 632 4945; x_wconf 83' lang='grc'><strong>,</strong></span> <span class='ocrx_word' id='word_1_311' title='bbox 822 4889 840 4938; x_wconf 75' lang='lat'>8</span> 
     </span>
    </p>
   </div>
   <div class='ocr_carea' id='block_1_9' title="bbox 0 0 1786 5864">
    <p class='ocr_par' dir='ltr' id='par_1_9' title="bbox 0 0 1786 5864">
     <span class='ocr_line' id='line_1_39' title="bbox 0 0 1786 5864; baseline 0 0"><span class='ocrx_word' id='word_1_312' title='bbox 0 0 1786 5864; x_wconf 95' lang='lat' dir='ltr'><strong> </strong></span> 
     </span>
    </p>
   </div>
  </div>
 </body>
</html>
