3568 5872
149 596 450 690 monemus]
465 635 469 640 -
485 593 725 660 Pnrncnun
747 593 1115 662 usuuunnrrcn.
1372 590 1415 649 47

373 904 653 974 PROPOSITIO
675 905 769 972 XIV.
814 904 1083 972 THEOREMA
1105 908 1199 971 XIV.

509 1079 631 1142 Orbium
645 1081 768 1161 aptetur
781 1089 811 1142 et
825 1081 897 1142 nodi
911 1081 1068 1162 quiescunt.

197 1263 331 1348 Aphelis
345 1261 515 1346 quiescunt,
530 1284 587 1347 per
604 1262 699 1346 Prop.
716 1261 779 1325 XI.
796 1260 867 1324 Lib.
884 1260 911 1325 1.
925 1272 962 1323 ut
975 1273 1006 1324 et
1020 1261 1138 1325 orbium
1155 1261 1256 1346 plana,
1273 1283 1329 1347 per
1343 1259 1424 1348 ejus·

155 1372 226 1438 dem
241 1371 330 1436 Libri
353 1370 448 1455 Prop.
472 1372 499 1434 I.
521 1383 552 1436 et
573 1369 798 1456 quiescentibus
819 1369 919 1452 planis
940 1368 1102 1455 quiescunt
1115 1369 1199 1432 nodi.
1244 1371 1425 1434 Attamene

155 1477 348 1560 planetarum
361 1474 583 1540 revolventium
598 1473 636 1558 (¹²)
650 1487 681 1538 et
696 1487 883 1538 cometarum
898 1474 1069 1538 actionibus
1084 1475 1116 1536 in
1132 1475 1308 1540 seinvicem
1322 1467 1426 1539 orien-

157 1596 207 1647 tur
220 1581 442 1667 inaequalitates
457 1581 579 1666 uliquae,
595 1579 650 1644 sed
665 1601 735 1664 quae
751 1579 791 1642 ob
806 1579 988 1662 parvitatem
1001 1578 1054 1644 hic
1067 1581 1222 1644 oontemni
1235 1595 1374 1666 possunt.

202 1693 299 1756 Curet.
318 1698 344 1753 l.
369 1691 543 1766 Quiescunt
556 1688 650 1752 etiarn
664 1687 760 1752 steliae
774 1685 857 1764 fixae,
873 1699 1039 1771 propterea
1052 1688 1137 1775 quod
1151 1688 1237 1754 detes
1252 1689 1295 1754 ed
1306 1689 1428 1774 aphelie

157 1800 327 1884 modosque
340 1800 508 1884 positiones
523 1809 657 1862 servant.
1107 1881 1111 1890 Ι

203 1911 303 1974 Corol.
315 1917 346 1973 2.
362 1910 501 1994 Ideoque
517 1907 549 1991 (¹)
565 1905 637 1970 crim
651 1905 738 1970 nulle
751 1905 790 1968 sit
804 1925 911 1967 eurum
924 1903 1090 1986 parelluxis
1104 1905 1255 1968 sensibilis
1269 1927 1309 1968 ex
1320 1905 1430 1970 Terrae

157 2027 245 2080 motu
269 2038 373 2080 ermuo
399 2014 540 2092 oriunda,
567 2014 648 2077 vires
670 2031 777 2076 eurum
798 2011 839 2074 ob
860 2012 1040 2073 immensam
1066 2010 1231 2093 c'orporum
1255 2013 1430 2079 distantiam
1469 2071 1473 2078 .

191 2207 227 2270 (¹¹)
251 2209 264 2238 ⁸
288 2210 322 2256 Et
348 2217 487 2255 cometarum
511 2209 642 2256 cornubus.
688 2204 781 2252 Eodem
812 2204 865 2252 stes
880 2203 951 2264 plano
965 2203 994 2252 ad
1011 2203 1141 2253 distantiam
1155 2205 1281 2266 quamlibet
1293 2206 1430 2262 constitutas

157 2283 252 2332 prorsus
262 2269 389 2330 modoque
400 2269 532 2329 planetain
543 2269 677 2316 seinvicem
692 2275 779 2330 aguntr
811 2267 842 2314 sit
858 2269 880 2314 A
894 2267 916 2314 Β
930 2269 949 2314 C
962 2267 987 2315 D
1003 2268 1064 2314 orbis
1075 2283 1174 2322 munus,
1192 2278 1335 2330 ponaturque
1352 2269 1433 2316 Tellus

157 2339 223 2392 patet
241 2346 333 2393 quoque
350 2343 450 2381 mmetaa
468 2333 493 2380 in
513 2333 571 2380 alios
591 2332 694 2394 planetas
711 2345 780 2392 agere
811 2328 913 2392 primum
925 2331 950 2376 In
965 2330 1017 2378 loco
1029 2333 1059 2387 A,
1076 2331 1222 2392 deindepost
1232 2345 1271 2378 sex
1282 2347 1372 2380 mensu
1381 2346 1432 2390 per·

158 2393 292 2456 similesque
307 2395 401 2442 effectu
417 2395 549 2456 producere,
560 2395 600 2442 sed
611 2393 666 2442 viru
676 2397 781 2442 obrem
812 2392 889 2439 veniat
903 2391 932 2440 ad
949 2393 1027 2440 Iocum
1045 2395 1065 2442 C
1082 2395 1106 2440 In
1120 2409 1168 2455 quo
1178 2394 1270 2441 disteta
1284 2395 1336 2441 loeo
1349 2395 1371 2441 A
1384 2393 1433 2441 toti

158 2459 235 2505 tiones
251 2456 408 2504 astronomIcaa
423 2459 545 2506 ostendant
554 2459 697 2518 apheliorum
709 2455 781 2502 nodo·
813 2455 925 2504 dtametro
943 2458 1003 2503 orbIs
1021 2457 1108 2516 annui3
1133 2459 1176 2504 boc
1194 2467 1234 2510 est.
1255 2463 1333 2505 20000
1355 2459 1434 2504 'serres

159 2533 261 2580 rumque
271 2531 360 2566 motum
373 2536 421 2568 esse
431 2522 594 2578 tardisdmurn,
606 2523 636 2568 ob
647 2518 781 2580 parvitatem
813 2518 930 2567 diametris
945 2519 1041 2576 circiter,
1057 2520 1089 2568 iu
1103 2529 1131 2567 ut
1140 2521 1220 2583 anguli
1237 2521 1257 2568 F
1270 2521 1286 2567 S
1300 2521 1331 2578 A,
1350 2521 1433 2568 ΝΟ

160 2583 277 2630 contemni
293 2593 389 2642 possunt
402 2584 567 2646 ina-qualitates
576 2599 628 2646 quoe
639 2597 667 2630 er
679 2582 782 2641 planeta-
814 2583 860 2630 slot
869 2583 932 2638 recti,
943 2583 1009 2630 stello
1021 2581 1042 2630 Ii
1052 2600 1079 2630 cx
1093 2585 1187 2631 Tellure
1197 2587 1220 2630 A
1232 2584 1279 2630 uisa
1289 2583 1435 2643 respondebit

161 2661 215 2692 rum
229 2654 252 2691 et
266 2656 408 2694 cometsrum
419 2647 546 2696 actionisus
556 2648 581 2694 iu
592 2645 727 2695 seinvicem
736 2644 782 2692 ori·
814 2655 902 2706 puncto
913 2647 944 2700 E,
955 2646 1019 2708 quod
1029 2647 1059 2694 ad
1069 2646 1199 2695 distantium
1212 2646 1324 2694 infinitam
1335 2663 1349 2694 e
1361 2643 1435 2694 Terri

161 2717 241 2755 untur.
814 2709 925 2756 removeri
941 2710 1086 2772 supponitur.
1123 2709 1215 2758 Deinde
1231 2709 1311 2756 eudem
1325 2711 1391 2758 stella
1404 2711 1435 2756 ob

196 2769 227 2832 (¹)
237 2775 250 2801 ·
264 2773 302 2819 tr.
317 2773 375 2821 Ceios
387 2777 450 2822 nulls
460 2777 488 2822 rit
498 2791 579 2823 esrum
587 2775 717 2836 perallun's·
751 2771 782 2818 ln
814 2781 905 2819 motum
917 2773 995 2819 Terre
1005 2775 1034 2820 ab
1044 2773 1066 2820 A
1076 2773 1152 2820 sersus
1163 2773 1192 2828 B,
1204 2773 1310 2834 progredi
1321 2773 1435 2822 ridebitur

161 2834 283 2894 hypothesi
304 2835 382 2883 'Terre
399 2846 475 2892 motu.
497 2837 667 2901 quiescentibus
690 2833 742 2881 Sole
760 2842 784 2880 et
815 2838 844 2882 ab
856 2835 968 2884 Eresos
982 2837 1012 2892 G,
1024 2836 1097 2884 donec
1109 2837 1204 2884 Tellure
1214 2836 1434 2896 pervenienteadc

164 2897 244 2956 stellis
268 2897 350 2946 Tellus
366 2901 479 2965 integram
499 2899 668 2951 revolutionem
688 2896 785 2958 absolvit
815 2898 880 2946 sulla
891 2899 994 2946 videatur
1004 2899 1029 2946 in
1037 2900 1072 2956 H,
1080 2900 1165 2947 distem
1176 2899 1261 2947 scilicet
1271 2916 1285 2947 e
1295 2899 1346 2948 loco
1357 2897 1436 2962 inquo

817 2971 871 3009 aute
880 2977 921 3009 sex
931 2976 1021 3010 meuses
1031 2966 1169 3021 tersabatur,
1186 2972 1235 3011 toto
1244 2979 1299 3011 arcu
1313 2963 1335 3012 Ε
1348 2965 1382 3020 Η,
1394 2977 1436 3011 cu·

813 3025 853 3088 jus
871 3039 979 3072 mensura
996 3035 1031 3073 est
1050 3028 1150 3102 angulus
1168 3027 1191 3074 E
1204 3027 1224 3073 F
1237 3027 1263 3073 H
1281 3027 1317 3073 vel
1338 3031 1358 3074 A
1374 3027 1392 3074 F
1405 3028 1432 3074 C.

818 3088 900 3148 Hujus
909 3088 990 3150 anguli
1001 3089 1100 3136 semIssu
1112 3093 1135 3136 A
1149 3089 1169 3136 F
1188 3091 1213 3145 Β,
1224 3099 1259 3135 est
1269 3089 1389 3149 parellsxis
1399 3104 1437 3136 or·

816 3151 852 3198 bis
862 3151 933 3198 annui
944 3166 972 3198 ea
985 3153 1062 3200 'Tm
1071 3161 1137 3200 motu
1148 3167 1227 3200 annuo
1237 3153 1342 3200 erlunds.
1372 3153 1448 3200 Dato'

818 3222 896 3262 sutem
908 3213 998 3274 *angulo
1015 3215 1038 3261 A
1051 3215 1107 3272 rs,
1124 3213 1438 3262 testamentorum
1526 3235 1531 3248 -
1617 3193 1622 3214 '

818 3276 890 3324 atellae
906 3275 958 3322 flroe
968 3292 982 3324 a
992 3277 1064 3324 Terri
1076 3279 1099 3324 A
1113 3278 1139 3332 F,
1151 3277 1170 3323 ai
1181 3277 1228 3334 fist,
1245 3277 1347 3324 ursinus
1356 3277 1438 3338 anguli

821 3341 843 3387 A
858 3340 878 3386 F
890 3339 914 3395 S,
925 3337 954 3385 ad
965 3339 1041 3386 sinum
1052 3349 1134 3396 totum,
1149 3339 1182 3386 iul
1195 3339 1217 3386 A
1231 3336 1440 3386 saecul-diameter

819 3402 880 3448 orbIs
894 3401 973 3458 annui,
989 3417 1042 3464 quse
1052 3413 1086 3450 cat
1099 3409 1175 3450 10000
1185 3401 1348 3450 ‹tiammomm
1361 3403 1439 3451 Terrrs
1500 3403 1503 3418 ⁸

819 3465 908 3512 circiter
925 3464 956 3510 ad
974 3466 997 3512 A
1011 3465 1039 3512 F.
1072 3465 1127 3514 Jsm
1145 3463 1200 3512 versi
1215 3475 1278 3526 patet
1293 3481 1321 3513 ex
1338 3466 1440 3514 Telluris

821 3541 899 3575 annuo
914 3536 980 3573 motu
995 3527 1048 3574 orin‘
1065 3527 1146 3576 debere
1161 3527 1330 3576 translationem
1342 3529 1439 3576 fixarum

821 3591 882 3637 iuter
889 3605 913 3636 se
923 3590 1030 3648 parallsxi
1039 3591 1160 3651 duplicate
1169 3593 1258 3640 circiter
1263 3594 1381 3654 aqualem.
1405 3595 1441 3640 At

822 3653 895 3718 stellq
910 3653 1007 3713 majores
1017 3663 1040 3700 et
1050 3653 1279 3715 propioresrespcctu
1287 3657 1440 3716 ,remotiorum

822 3731 875 3778 quar
882 3715 1055 3776 telescupiorum
1063 3733 1106 3778 ope
1111 3718 1223 3765 duntaxat
1230 3721 1329 3779 eonspIci
1337 3729 1439 3778 possunt,

823 3779 908 3826 moveri
920 3793 967 3826 non
978 3782 1132 3828 observantur.
1168 3782 1241 3831 Nulla
1252 3783 1374 3844 ostiisque
1385 3781 1441 3828 fixo

823 3855 877 3888 rum
892 3842 1012 3902 purallaxis
1028 3843 1140 3892 sensibilia
1155 3859 1184 3892 ex
1200 3846 1277 3893 Terre
1287 3857 1353 3892 motu
1364 3859 1442 3892 annuo

825 3901 929 3961 oriundis,
941 3903 1040 3966 idedque
1049 3907 1162 3955 immensa
1172 3917 1206 3954 est
1216 3907 1313 3956 fixarum
1324 3923 1338 3955 a
1347 3907 1443 3956 Tellure

825 3966 938 4015 distantia.
985 3968 1037 4016 stes
1058 3981 1136 4018 autem
1156 3972 1228 4018 Tem
1248 3981 1374 4024 moventur,
1397 3969 1444 4018 sivi

825 4031 934 4093 quiescat,
945 4031 1021 4078 stellas
1031 4032 1088 4079 lixas
1098 4033 1216 4082 immensis
1226 4034 1349 4081 intervallis
1359 4049 1374 4080 a
1385 4034 1442 4080 Ter-

826 4091 854 4140 rt
871 4093 954 4142 distare
971 4096 1122 4144 certissimum
1137 4107 1177 4152 est,
1193 4112 1248 4144 narn
1258 4097 1392 4158 psmllsrirn
1402 4111 1444 4142 au·

827 4171 899 4204 uuum
916 4157 1006 4205 minuto
1023 4160 1097 4219 primo
1114 4160 1184 4222 longe
1201 4161 1315 4208 minorem
1328 4175 1377 4206 esse
1391 4174 1446 4206 wn-

827 4219 931 4268 aentiuut
940 4235 1020 4268 omnes
1035 4224 1168 4270 monomI.
1204 4223 1330 4286 Fingamus
1341 4219 1395 4270 riri
1405 4237 1447 4268 an-

828 4297 901 4330 uuem
917 4283 970 4331 lirae
983 4285 1080 4348 alicujus
1093 4286 1237 4346 proxImioris
1251 4285 1383 4344 paralluirn
1399 4299 1448 4334 essa

829 4345 900 4394 unius
909 4347 993 4395 mInuti
1004 4348 1079 4408 primi,
1096 4363 1111 4396 a
1126 4349 1220 4396 Tellure
1230 4347 1323 4394 distabit
1332 4348 1398 4394 stella
1408 4348 1449 4394 illa

831 4413 894 4457 stur
905 4411 1090 4460 aemi-diametris
1103 4413 1183 4460 orbitus
1192 4427 1262 4474 quam
1273 4411 1380 4458 describit
1392 4411 1450 4458 Ter·
1552 4421 1555 4428 “

831 4487 864 4530 ra,
876 4473 989 4534 siquidem
999 4475 1063 4522 sinus
1073 4476 1143 4522 unius
1151 4475 1234 4522 minuti
1241 4484 1275 4521 eet
1284 4473 1315 4522 ad
1325 4473 1413 4521 radium
1423 4482 1451 4522 ut

834 4539 844 4582 l
859 4535 889 4583 ad
899 4542 969 4593 5457,
986 4547 1010 4584 et
1028 4537 1234 4585 simi-diameter
1243 4539 1322 4585 emitae
1332 4540 1362 4585 sit
1373 4543 1453 4585 20000

183 4597 257 4662 spatio
274 4601 313 4644 98.
325 4595 375 4642 hot·
389 4590 433 4640 ὅθ’·
446 4590 481 4638 4''·
495 4593 589 4653 circiter,
607 4605 631 4645 et
648 4599 708 4648 circa
723 4599 801 4648 Solem
832 4599 1453 4654 semi-diametrorum‘rerroe,sdminimumesrsmou

183 4659 308 4710 revolvitur
325 4655 397 4706 unilt!
414 4655 470 4702 tuni
488 4655 621 4719 intemI103
643 4661 754 4712 circulum
772 4679 802 4710 ue
836 4662 914 4710 Terras
926 4663 999 4724 ipsius
1014 4663 1199 4710 aemi-dicmetris
1212 4663 1304 4712 distabit
1313 4665 1360 4712 lina
1369 4681 1385 4713 a
1396 4663 1452 4713 Tet-

184 4722 291 4772 describit
338 4720 346 4767 i
363 4719 469 4780 ecliptica
478 4719 514 4765 vel
529 4722 589 4768 orbis
599 4739 691 4773 annuus
701 4679 803 4788 appeila·
834 4725 892 4772 Iure·

185 4797 223 4836 tur
266 4787 289 4834 R
373 4782 805 4850 usnlemflitrnstutntnscup·
857 4788 1391 4854 tecummnufflugsniusinmsmoumis
1400 4794 1482 4842 mu·

697 4915 701 4925 ,
800 4870 847 4920 1²2
