3570 5876
328 541 371 599 90
630 523 971 594 PHILOSOPHIAE
994 521 1269 592 NATURALIS
1301 522 1374 602 [Da
1386 521 1509 588 Murro.
1523 525 1615 590 Srsr.

329 709 408 774 turis
430 715 501 794 (per
517 706 623 772 Corol.
642 713 692 771 10.
711 705 806 788 Prop.
823 702 963 782 LXVI.)
986 699 1080 785 quim
1095 698 1128 761 in
1142 699 1294 784 syzygiis:
1318 709 1350 761 et
1371 711 1474 764 motus
1494 701 1616 766 medius

329 817 448 880 tardior
469 815 503 878 in
522 809 675 898 perihelio
695 810 806 875 Terrae
828 813 898 893 (per
915 807 1022 872 Corol.
1039 816 1069 870 6.
1087 805 1182 888 Prop.
1205 803 1346 883 LXVI.)
1363 802 1458 890 quam
1472 806 1504 868 in
1518 808 1615 891 ipsius

329 923 464 1008 aphelio.
510 921 616 1007 Atque
630 920 681 984 hae
696 929 770 984 sunt
782 915 1007 1002 inaequalitates
1022 913 1207 1002 insigniores
1222 912 1264 976 ab
1278 914 1464 978 astronomis
1480 927 1604 982 notatae.

374 1031 457 1096 Sunt
478 1029 572 1094 etiam
595 1028 664 1092 aliae
686 1026 830 1113 quoedam
846 1027 884 1110 (⁸)
900 1023 1090 1109 aprioribus
1104 1023 1289 1088 astronomis
1303 1044 1368 1087 noa
1382 1025 1555 1090 observatas
1568 1027 1616 1090 in-

328 1136 530 1223 oequaliuttes,
554 1135 668 1220 quibus
689 1144 792 1196 motus
814 1132 941 1196 lunares
963 1129 1043 1196 adeo
1061 1130 1294 1216 perturbantur,
1315 1143 1351 1195 ut
1363 1131 1450 1196 nulli
1465 1132 1618 1199 hacteuus

328 1247 399 1334 lege
421 1246 462 1310 ad
483 1245 625 1332 regulam
647 1244 783 1330 aliquam
797 1241 905 1306 reduci
925 1239 1093 1326 potuerint.
1139 1239 1330 1305 Velocitatas
1344 1242 1430 1304 enim
1443 1263 1499 1306 seu
1512 1255 1616 1308 motus

327 1353 446 1417 horarii
468 1350 590 1438 apogaei
612 1363 644 1416 et
665 1349 821 1414 nodorum
843 1349 955 1424 Lmae,
979 1355 1012 1412 et
1030 1345 1202 1412 eorundem
1217 1347 1416 1432 requadones,
1432 1362 1467 1413 ut
1481 1364 1513 1414 et
1525 1350 1616 1415 diffe-

326 1460 429 1525 rentia
448 1461 530 1523 inter
551 1458 811 1522 eceentricitatem
831 1455 1000 1519 maximam
1019 1456 1052 1518 in
1067 1455 1199 1542 syzygiis
1214 1467 1246 1519 et
1259 1455 1420 1546 minimam
1434 1458 1468 1520 in
1482 1460 1616 1544 quadra·

327 1569 417 1644 turis,
434 1580 466 1632 et
480 1566 674 1653 inaequalitas
694 1585 766 1652 φῆ
779 1564 908 1628 variatio
919 1563 1041 1640 dicitur,
1053 1575 1206 1650 augentur
1226 1585 1262 1626 ac
1273 1561 1489 1629 diminuuntur
1499 1589 1617 1631 annua-

327 1675 385 1738 tim
401 1677 472 1758 (per
487 1672 592 1738 Corol.
611 1681 661 1736 14.
678 1671 774 1755 Prop.
791 1670 931 1751 LXVI.)
952 1670 986 1732 in
1000 1668 1153 1754 triplicati
1168 1669 1290 1733 ratione
1304 1669 1449 1736 diametri
1463 1695 1617 1760 apparen-

328 1781 371 1844 tis
395 1779 513 1843 solaris.
570 1779 613 1843 Et
637 1778 767 1842 variatio
792 1789 944 1862 praeterea
969 1789 1100 1863 augetur
1123 1776 1173 1840 vel
1196 1775 1379 1840 diminuitur
1405 1779 1438 1841 in
1460 1779 1618 1865 duplicati

330 1886 452 1950 ratione
478 1885 626 1969 temporis
648 1885 731 1950 inter
755 1884 959 1969 quadraturas
981 1905 1075 1968 quarn
1098 1881 1245 1967 proximis
1268 1887 1338 1967 (per
1359 1883 1466 1949 Corol.
1485 1896 1512 1952 l.
1533 1903 1565 1954 et
1584 1898 1614 1952 9.

331 1993 422 2058 Lem.
446 1993 490 2056 X.
513 2005 546 2056 et
569 1991 675 2056 Corol.
701 1999 750 2056 16.
775 1991 871 2074 Prop.
894 1987 1019 2054 LXVI.
1038 1989 1108 2052 Lib.
1131 1985 1172 2068 I.)
1199 1988 1255 2052 sed
1274 1987 1343 2052 haec
1365 1991 1557 2078 inaequalitas
1583 1997 1618 2062 in

332 2099 452 2163 calculo
478 2098 687 2196 astronomico
708 2097 750 2162 ad
771 2095 1034 2182 prostephaeresin
1064 2095 1167 2162 Lunoe
1191 2094 1299 2160 referri
1322 2097 1411 2178 solet,
1433 2113 1558 2166 etcum
1578 2103 1617 2169 esi

331 2204 490 2270 confundi.

569 2457 854 2526 PROPOSITIO
878 2455 1015 2522 XXIII.
1060 2455 1320 2524 PROBLEMA
1343 2457 1384 2524 V.

355 2645 460 2709 Motus
474 2645 637 2727 inequales
651 2645 813 2710 satellitum
826 2643 912 2709 Jovis
926 2651 956 2706 et
969 2643 1097 2708 Sctuvd
1110 2665 1131 2708 a
1145 2641 1269 2706 motibus
1283 2642 1439 2707 lunaribus
1454 2644 1594 2706 derivare

378 2847 430 2912 Ex
451 2848 587 2912 motibus
610 2847 712 2912 Lunae
734 2859 850 2912 nostrae
864 2858 968 2911 motus
984 2847 1108 2934 analogi
1122 2845 1266 2910 lunamm
1282 2865 1337 2908 seu
1352 2845 1517 2910 satellitum
1531 2841 1619 2910 Jovis

333 2955 378 3018 sic
400 2955 588 3020 derivantur.
634 2953 744 3020 Motus
766 2955 887 3018 medius
910 2955 1065 3020 nodorum
1086 2953 1224 3020 satellitis
1239 2953 1346 3017 extimi
1362 2953 1495 3038 jovialis,
1517 2953 1618 3019 estad

331 3073 452 3125 motum
473 3061 611 3127 medium
632 3063 788 3128 nodorum
805 3063 907 3126 Lunae
921 3075 1046 3140 nostrae,
1070 3062 1103 3126 in
1123 3059 1243 3126 ratione
1258 3059 1429 3144 compositi
1444 3083 1484 3124 ex
1500 3061 1618 3124 ratione

332 3167 490 3251 duplicati
509 3170 657 3254 temporis
680 3169 832 3254 periodici
855 3169 966 3233 Terrae
989 3170 1072 3234 circa
1095 3167 1199 3234 Solem
1219 3166 1261 3230 ed
1282 3179 1406 3253 tempus
1425 3165 1618 3253 periodicum

331 3275 419 3339 Jovis
443 3275 526 3341 circa
549 3275 665 3354 Solem,
689 3289 721 3340 et
742 3277 863 3340 ratione
886 3275 1019 3360 simplici
1041 3274 1191 3357 temporis
1209 3273 1364 3359 periodici·
1378 3275 1516 3340 satellitis
1538 3276 1619 3340 circa

333 3383 445 3448 Jorem
467 3385 509 3449 ed
529 3397 653 3472 tempus
673 3386 867 3471 periodicum
881 3385 984 3450 Lunae
998 3385 1081 3449 circa
1096 3384 1229 3448 Terram
1245 3389 1315 3466 (per
1331 3384 1437 3449 Corol.
1455 3393 1505 3449 16.
1522 3383 1617 3467 Prop.

334 3489 460 3554 LXVI.
477 3491 548 3556 Lib.
565 3492 605 3574 I.)
629 3492 670 3579 (δ)
686 3491 820 3580 ideoque
835 3492 925 3556 annis
940 3503 1066 3556 centum
1081 3489 1210 3554 conficit
1222 3489 1323 3553 nodus
1337 3491 1396 3554 iste
1411 3499 1429 3554 8
1444 3511 1492 3578 gr.
1508 3491 1560 3552 24'
1584 3491 1618 3554 in

366 3681 401 3747 (⁸)
413 3685 427 3716 o
440 3686 465 3760 ‚¹
477 3686 593 3746 priorum
609 3688 745 3760 aequm
763 3701 811 3734 m
825 3687 954 3734 mm.
992 3681 1388 3760 Tmuqrmar.sar.(1²1qs
1400 3679 1509 3742 xviii
1529 3679 1617 3742 stanp-

269 3749 276 3766 “
334 3745 507 3808 Iuoeqrralrtates
517 3749 564 3796 illa
574 3763 632 3811 quas
642 3749 680 3795 luc
690 3763 731 3809 par
740 3759 888 3795 muscarum
899 3763 957 3795 anu·
991 3755 1066 3812 tuque
1076 3746 1228 3811 logentium,
1238 3755 1283 3793 eut

332 3819 407 3858 ment
419 3811 554 3866 Nestorius.
567 3813 754 3874 aquationesque
763 3825 844 3858 omues
854 3825 894 3858 scu
906 3825 956 3858 eor-

333 3873 445 3922 medones
455 3875 564 3936 deinceps
574 3875 719 3923 commodius
733 3873 917 3935 explicabuntur,
935 3885 959 3923 et
1163 3874 1193 3922 1.
1205 3874 1568 3938 (5659565)ἐ5.1951956

332 3937 451 4000 quomodd
468 3939 562 3986 sanatio
578 3939 654 3986 Luna
667 3939 698 3985 ad
709 3939 917 4000 pusuapheresim
932 3939 959 3986 in
1163 3937 1194 3986 1.
1241 3941 1344 3987 166680
1384 3939 1568 3989 =1.saatot³

333 4002 423 4050 calculo
443 4001 597 4050 wonomiro
618 4001 697 4050 referri
718 4003 798 4058 soleat,
820 4011 955 4062 exponetur.
1430 3997 1571 4040 -αὲι

335 4066 438 4114 Variatlo
449 4075 528 4113 autem
538 4065 624 4112 dicitrrr
634 4065 779 4128 inequalitas
789 4064 924 4128 illaquddt
931 4075 959 4114 ut
1147 4066 1369 4128 wiusquceamma
1383 4083 1419 4111 =
1430 4069 1569 4115 69475999

332 4129 958 4305 ”tamfffflm
1055 4161 1148 4214 1...
1161 4163 1194 4276 1¹:-
1208 4161 1570 4276 <assentasse

332 4270 462 4316 proximam
560 4267 619 4314 eurr,
643 4272 669 4304 ru
691 4273 730 4306 see
881 4267 958 4306 ereum
1285 4259 1292 4273 ’
1385 4259 1419 4272 “““
1447 4259 1454 4274 ”

332 4319 675 4434 ἓὲοῗξῗάἑωῳηιάἒῧξ
686 4323 717 4432 il:
727 4321 909 4448 mim
919 4321 958 4434 ἒ
1148 4354 1269 4418 utriusque
1278 4367 1371 4403 summa
1385 4373 1421 4401 =
1432 4359 1568 4404 67099566

332 4446 452 4542 celmtprr.
603 4516 609 4528 ·
924 4512 931 4526 ·
993 4448 1088 4499 utute
1098 4447 1417 4525 ultiurlspbtmhetureum-

329 4509 959 4635 ..tutunus
1013 4539 1019 4548 ·
1085 4527 1237 4574 .......
1277 4543 1290 4554 ·
1328 4543 1341 4555 ·
1379 4541 1390 4556 ·

332 4647 426 4696 tempus
436 4640 578 4698 periodicum
586 4641 653 4690 Jovis
662 4640 724 4689 circi
733 4640 957 4689 Solemutdiaruru
1166 4639 1287 4688 residuum
1297 4643 1341 4690 erit
1384 4643 1414 4690 L.
1432 4646 1569 4694 25623567

332 4705 455 4749 4559514
470 4706 523 4764 (per
538 4703 618 4751 rnen.
634 4703 957 4767 1v.)oempuepen0drcum

330 4764 438 4814 mattas
452 4765 514 4814 usca
527 4767 613 4816 Iovem
626 4779 662 4816 est
675 4769 766 4817 diuum
785 4772 889 4816 16.6880
908 4768 960 4840 (per
1026 4767 1072 4816 Cui
1090 4768 1214 4829 respondet
1232 4783 1345 4817 numanus
1362 4775 1458 4816 95058.
1493 4771 1573 4826 Quard
1589 4785 1618 4818 ex

335 4829 419 4878 luen.
432 4829 484 4892 11.)
501 4839 525 4878 et
540 4839 633 4892 tempus
648 4831 791 4894 munuum
807 4831 884 4880 Luna
899 4828 961 4880 carrd
992 4832 1037 4880 hcc
1052 4831 1142 4880 alcuin
1157 4843 1181 4880 et
1196 4833 1305 4897 smlcgii
1321 4833 1432 4880 Neutoni
1448 4843 1513 4894 patet
1528 4845 1620 4882 motum
