3516 5870
331 568 393 628 328
560 560 826 640 INQUISITIO
849 557 1053 628 PHYSICA
1075 556 1126 622 IN
1150 554 1344 623 CAUSAM

330 746 403 810 tam,
420 755 553 819 quorum
567 735 645 800 alter
659 735 741 801 circa
757 733 872 811 Solem,
888 731 966 796 alter
979 731 1062 796 circa
1075 730 1201 794 Lunam
1215 729 1358 817 agitetur,
1375 739 1469 813 atque
1483 736 1622 811 uterque

331 843 397 928 ejus
413 842 452 907 sit
465 842 588 922 indolis,
605 855 640 908 ut
654 845 735 909 vires
750 841 930 929 centrifirgae
944 841 1125 906 decrescant
1142 840 1176 903 in
1190 837 1346 924 duplicati
1362 837 1481 902 ratione
1495 835 1620 900 distan-

330 952 443 1016 tiarum
457 975 476 1017 a
490 953 603 1017 centris
618 956 780 1039 utriusque
794 951 938 1018 vorticis:
961 972 1031 1037 quae
1044 949 1216 1037 proprietas
1231 948 1399 1024 obtinetur,
1422 946 1448 1008 si
1471 943 1619 1009 celeritas

331 1061 471 1126 materiae
494 1063 614 1132 subtilis
635 1063 775 1150 gyrmrtis
796 1063 829 1125 in
851 1082 975 1148 quoque
995 1059 1113 1124 vortice
1132 1069 1236 1134 teneat
1253 1057 1405 1120 rationem
1420 1055 1620 1139 reciprocam

330 1169 574 1255 subduplicatam
590 1149 815 1234 distantiarum.
860 1169 972 1256 Neque
986 1165 1061 1232 verb
1074 1168 1108 1232 hi
1123 1167 1187 1232 duo
1201 1167 1332 1230 vortices
1347 1165 1388 1230 ad
1402 1165 1525 1230 libitum
1540 1177 1618 1226 sunt

331 1275 508 1362 excogitati,
525 1275 580 1340 sed
594 1275 646 1340 ille
661 1275 716 1362 qui
733 1275 839 1340 Solem
854 1273 1026 1340 circumdat
1041 1273 1127 1340 estis
1143 1273 1219 1358 ipse,
1235 1273 1289 1360 qui
1303 1293 1410 1336 omnes
1424 1270 1567 1354 planetas
1584 1269 1618 1330 in

331 1383 395 1447 suis
416 1383 524 1448 orbitis
546 1381 702 1459 continet3
724 1381 804 1447 alter
824 1381 898 1445 verb
922 1381 1046 1446 Lunam
1060 1379 1266 1457 circumdans,
1285 1380 1343 1444 etsi
1357 1379 1421 1464 ejus
1434 1377 1482 1440 vis
1496 1376 1559 1439 nisi
1582 1376 1617 1438 in

328 1500 407 1552 aestu
421 1487 515 1552 maris
529 1509 594 1552 non
609 1487 749 1565 sentitur,
771 1501 876 1553 tamen
890 1487 956 1552 sine
970 1487 1033 1552 ulla
1055 1487 1250 1552 haesitatione
1265 1486 1386 1551 aduritti
1404 1497 1516 1572 potest,
1540 1483 1616 1548 crim

330 1594 416 1661 certb
441 1610 560 1662 constet
589 1597 731 1676 Terram,
762 1599 874 1662 Jovem
902 1618 939 1661 ac
970 1597 1140 1662 Saturnum
1164 1595 1316 1660 similibus
1345 1593 1514 1658 vorticibus
1545 1616 1617 1656 esse
1731 1619 1732 1624 ¹

332 1701 458 1780 cinctos,
480 1703 565 1768 unde
587 1703 739 1790 ejusmodi
752 1705 884 1768 vortices
905 1703 984 1768 nulli
1005 1703 1133 1768 omnino
1147 1702 1271 1788 corpori
1290 1699 1449 1766 mundano
1463 1700 1617 1788 denegari

329 1829 420 1892 posse
433 1808 587 1874 videntur.
633 1809 762 1876 Parciris
778 1810 903 1896 quidem
920 1809 973 1873 hic
987 1810 1148 1874 materiam
1162 1809 1202 1874 de
1217 1809 1386 1874 vorticibus
1400 1808 1613 1882 tractavimus„

329 1915 447 1978 etiarnsi
461 1915 496 1977 in
509 1913 570 1980 illis
584 1935 689 1980 veram
703 1915 797 1982 aestds
811 1916 905 1981 maris
921 1939 1044 1981 causam
1058 1939 1230 2001 ponamus3
1255 1917 1316 1980 hoc
1330 1929 1434 1980 autem
1448 1915 1489 1979 de
1503 1913 1613 1978 iudus-

331 2019 390 2106 trii
405 2019 541 2100 fecimus,
558 2019 631 2088 crim
644 2022 705 2088 hoc
719 2037 936 2116 argumentum
945 2026 1011 2110 jaun
1025 2025 1115 2090 toties
1128 2026 1167 2090 sit
1177 2037 1343 2089 tractatum
1354 2047 1391 2088 ac
1401 2022 1465 2088 fere
1477 2023 1613 2088 exhaus-

330 2143 416 2205 tum3
438 2151 539 2216 neque
559 2131 650 2196 nobis
670 2133 859 2218 persuadere
880 2155 1054 2219 possumus,
1079 2133 1106 2198 si
1127 2133 1187 2198 haic
1208 2132 1369 2198 occasione
1386 2131 1557 2196 doctrinam
1571 2132 1615 2196 de

332 2239 499 2304 vorticibus
514 2241 608 2306 etiarn
621 2242 742 2322 melitis,
759 2265 853 2330 quam
867 2225 1036 2308 etiamnum
1049 2265 1234 2332 equaquam
1249 2242 1435 2320 estfactum,
1451 2241 1615 2328 expedire·
1731 2263 1732 2266 ’

334 2365 413 2425 mus,
430 2347 472 2410 ob
486 2369 555 2412 earn
570 2369 637 2413 rem
651 2351 815 2434 praemium
829 2349 919 2414 nobis
933 2349 1085 2414 tributum
1098 2349 1146 2414 iri.
1731 2359 1732 2376 *

890 2645 1056 2670 ἊἊΜἊ

736 2873 912 2946 CAPUT
935 2873 1212 2951 OCTAVUM.

360 3073 423 3145 Dc
440 3071 567 3149 AEstris
584 3075 706 3149 Maris
716 3081 983 3174 perturbatione
998 3107 1020 3157 a
1040 3084 1163 3159 Tem-is
1179 3107 1221 3159 ac
1237 3085 1409 3161 littoribus
1425 3083 1581 3160 orium.

332 3323 356 3402 §-
375 3330 445 3387 112.
468 3287 710 3394 Pnnvnmuus
732 3329 859 3396 tandem
880 3333 921 3397 ad
942 3335 1083 3400 ultimam
1104 3349 1220 3401 nostrae
1240 3336 1462 3424 disquisitionis
1482 3349 1612 3422 partem,
1731 3329 1732 3350 ³

332 3447 402 3511 qnae
416 3430 576 3514 praecipua
590 3446 645 3511 est,
668 3433 700 3497 in
716 3435 776 3522 quai
792 3437 946 3504 theoriam
961 3443 1134 3526 expositam
1148 3441 1189 3506 ad
1204 3455 1318 3508 statum
1334 3439 1482 3523 Telluris,
1505 3445 1536 3508 in
1552 3468 1614 3530 quo

331 3531 438 3596 reversi
460 3537 624 3619 reperitur,
648 3540 754 3606 debito
776 3543 872 3609 modo
894 3548 1206 3613 accommodabimus.
1252 3549 1418 3615 Hactenus
1433 3553 1526 3630 enim,
1548 3551 1611 3638 qud

334 3635 431 3702 ardua
452 3640 511 3704 ista
525 3641 699 3730 disquisitio
713 3647 833 3714 facilior
848 3652 1030 3720 redderetur
1045 3655 1084 3720 ab
1100 3656 1244 3722 omnibus
1259 3659 1498 3726 circumstantiis
1512 3671 1614 3724 exter-

332 3745 380 3808 nis
395 3747 507 3832 quibus
522 3749 648 3818 effectus
664 3778 683 3817 a
696 3756 814 3824 viribus
831 3761 912 3825 Solis
927 3785 964 3826 ac
982 3764 1084 3828 Lunae
1099 3766 1238 3831 oriundis
1253 3769 1303 3832 vel
1317 3771 1437 3835 turbari
1450 3771 1496 3836 vel
1511 3768 1612 3833 deter-

332 3851 451 3916 minata
477 3855 663 3924 difficiliores
694 3863 784 3927 reddi
815 3880 952 3950 possent,
983 3869 1202 3958 cogitationem
1231 3873 1450 3941 abstraximus.
1508 3873 1613 3940 Primb

332 3960 448 4028 scilicet
466 3987 530 4028 non
553 3967 651 4032 solum
669 3981 765 4036 totam
780 3971 914 4040 Terram
928 3999 968 4041 ex
983 3977 1063 4066 aqui
1078 3981 1244 4046 conflatam
1258 3983 1428 4068 posuimus,
1453 3983 1613 4050 sedetiam

332 4069 477 4136 inertiam
498 4097 588 4160 aquoe
608 4093 714 4144 mente
735 4080 925 4163 sustulimus,
948 4097 984 4150 ut
1004 4085 1042 4151 eb
1064 4091 1226 4172 pauciores
1242 4113 1291 4156 res
1313 4091 1344 4154 in
1359 4105 1541 4180 computum
1554 4091 1613 4156 du·

331 4177 439 4244 cendae
454 4197 659 4267 superessent
704 4189 830 4256 Deinde
845 4191 965 4270 inertiae
980 4195 1106 4281 quidem
1122 4196 1285 4262 habuimus
1301 4199 1462 4278 rationem,
1478 4222 1515 4266 ac
1529 4221 1610 4286 pne·

332 4285 477 4352 cedentes
499 4289 771 4360 determinationes
792 4296 898 4362 debito
917 4301 1012 4365 modo
1026 4303 1229 4386 correximus,
1245 4302 1354 4370 verrim
1369 4318 1468 4374 totam
1481 4307 1613 4373 Terram

331 4394 410 4476 aqut
432 4397 632 4486 undiquaque
654 4401 871 4468 circumfusam
892 4409 1102 4490 assumsimus,
1129 4434 1191 4496 seu·
1206 4409 1376 4476 etiamnum
1401 4413 1568 4478 anomalias
1594 4436 1614 4478 a

332 4497 441 4563 Terris
457 4505 660 4590 negleximus.
705 4507 799 4574 Nunc
815 4513 918 4599 itaque
933 4527 1039 4581 nostra
1053 4514 1175 4579 theoria
1189 4511 1227 4580 eb
1242 4528 1289 4580 est
1302 4518 1463 4603 perducta,
1486 4531 1520 4583 ut
1535 4517 1613 4582 nihil

330 4603 462 4688 ampliris
488 4611 622 4696 adjicere
644 4636 769 4682 necesse
791 4617 879 4698 foret,
904 4623 929 4685 si
952 4623 1078 4708 quidem
1099 4635 1193 4688 aestus
1215 4627 1310 4690 maris
1331 4649 1350 4690 a
1373 4627 1481 4692 Terris
1502 4628 1614 4692 littori·

329 4710 451 4796 busque
467 4717 653 4786 sensibiliter
666 4745 730 4787 non
745 4726 936 4806 afficeretur3
957 4731 1019 4792 nisi
1040 4727 1120 4794 sorte
1141 4731 1305 4795 anomaliae
1320 4733 1463 4820 quaedam
1479 4758 1498 4797 a
1513 4735 1614 4798 ventis

331 4817 472 4882 oriundae
493 4831 729 4894 commemorari
744 4831 901 4911 deberent,
926 4858 996 4921 quae
1011 4847 1114 4900 autem
1130 4850 1217 4901 motu
1233 4860 1322 4923 aquae
1343 4855 1507 4924 perspecto
1522 4841 1612 4905 facili
