3516 5870
421 547 611 614 FLUXUS
631 547 692 611 AC
717 541 969 614 REFLUXUS
992 547 1150 614 MARIS.
1362 553 1424 608 31³

189 723 213 799 i.
237 725 288 782 92.
320 714 395 792 Qut
416 729 519 780 autem
541 727 604 778 tam
626 714 666 777 de
688 712 742 778 hia
759 713 973 798 pbaenomenis
995 713 1089 800 quim
1111 712 1237 800 reliquis
1259 711 1372 776 certiris
1394 723 1426 774 et

148 821 274 886 solidids
291 821 433 906 judicare
455 842 611 906 queamus,
636 820 738 904 ipsum
760 833 880 884 motum
901 822 1142 908 progressivum,
1170 841 1263 905 quem
1284 841 1365 904 aqua
1386 819 1425 882 ab

147 940 224 992 aestu
239 929 358 1011 recipit,
373 925 633 1012 investigabimus.
680 923 762 990 Cium
776 926 859 990 enim
874 949 955 1012 aqua
970 927 1079 990 eodem
1094 928 1165 990 loco
1179 947 1263 989 nunc
1278 926 1423 1002 elevetur,

146 1058 229 1100 nunc
251 1037 398 1113 subsidat,
421 1056 547 1099 necesse
562 1046 659 1098 estut
679 1034 778 1118 priori
800 1057 872 1099 casu
888 1056 968 1120 aqua
982 1033 1108 1097 aliunde
1124 1033 1238 1111 affluat,
1260 1033 1425 1118 posteriori

146 1145 219 1210 verb
250 1141 291 1209 ab'
317 1145 427 1209 eodem
456 1143 527 1206 loco
556 1141 682 1218 defluat,
713 1142 797 1206 unde
825 1129 954 1206 nomina
973 1139 1078 1206 fluxiis
1100 1161 1136 1204 ac
1164 1141 1301 1218 reduxris
1330 1139 1425 1225 origi-

146 1277 218 1318 nem
232 1265 402 1318 traxerunt.
432 1251 718 1338 Repraeaeutetigi-
1121 1245 1123 1250 ’

145 1375 195 1425 tur
229 1377 368 1446 tempore
397 1379 583 1444 quocunque
615 1357 717 1444 figura

146 1467 228 1531 AD
253 1467 333 1532 ΒΕ
366 1477 480 1528 summ
503 1485 592 1550 aqua
618 1476 715 1528 totam

146 1571 278 1633 Terram
293 1567 466 1646 ambientis,
482 1567 525 1632 ita
538 1581 574 1631 ut
591 1567 624 1630 in
638 1566 714 1632 locis

145 1678 175 1738 A
196 1686 227 1737 et
246 1675 275 1736 B
290 1697 370 1758 aqua
384 1673 518 1736 maxime
533 1675 573 1738 sit
586 1673 713 1750 elevata,

144 1787 176 1848 in
197 1781 273 1848 locis
294 1779 368 1848 verb
389 1781 499 1848 mediis
520 1781 560 1846 ab
584 1783 613 1846 A
633 1793 664 1846 et
687 1781 715 1846 B

146 1890 421 1977 aequidistantibus,
437 1889 572 1954 maxime
588 1889 714 1973 depres-

146 2019 189 2060 sa.
236 1996 312 2061 Post
325 1995 451 2082 aliquod
470 2008 592 2081 tempus
614 2007 715 2058 bans·
813 2056 814 2059 ,

143 2102 259 2168 feratur
273 2115 366 2167 aestus
381 2125 519 2168 summus
534 2125 574 2166 ex
597 2103 628 2166 A
639 2103 715 2167 etB

144 2211 177 2272 in
192 2222 258 2275 aet
274 2212 306 2288 b,
330 2211 461 2296 sitquea
483 2211 518 2276 D
533 2210 554 2273 b
569 2209 599 2274 E
613 2209 714 2296 ligure

145 2341 235 2406 aquae
250 2321 383 2384 Terram
396 2321 631 2384 circumdantia:
652 2319 714 2383 hoc

145 2430 239 2516 igitur
258 2443 397 2515 tempore
417 2453 542 2494 necesse
564 2441 619 2507 est,
642 2441 678 2493 ut
696 2452 715 2492 a

142 2545 232 2616 parte
246 2537 354 2599 oceani
369 2537 403 2600 D
414 2536 441 2599 F
451 2535 615 2600 defluxerit
625 2555 714 2620 aquae
760 2513 786 2566 ω’

143 2643 234 2727 copia
257 2643 516 2721 FAMDmt
539 2645 572 2707 in
593 2655 714 2728 partem

142 2748 217 2812 verb
243 2749 271 2812 F
293 2749 321 2812 E
347 2751 530 2814 tantundem
555 2771 645 2835 aquae
669 2747 713 2812 af-

140 2855 276 2932 fluxerit,
288 2857 391 2940 portio
402 2855 519 2920 scilicet
531 2857 712 2920 FaNEne:

142 2963 235 3026 simili
249 2963 344 3026 modo
363 2964 468 3046 portio
486 2963 516 3028 Ε
531 2963 564 3028 G
578 2963 715 3028 decrerit

142 3068 233 3151 copia
247 3087 336 3152 aquoe
352 3067 573 3152 EPBGgp,
589 3070 755 3152 portioque
770 3069 846 3134 GD
858 3079 1060 3154 augmentum
1070 3070 1191 3153 accepit
1206 3071 1239 3134 G
1248 3069 1269 3132 b
1279 3070 1312 3142 Q
1321 3069 1426 3152 qu.

145 3177 181 3242 Si
201 3197 294 3270 nuno·
306 3195 459 3259 ponamus
479 3175 656 3258 portionem
679 3175 705 3240 F
722 3174 761 3239 M
775 3195 808 3236 m
825 3175 956 3238 trmrsire
973 3175 1007 3237 in
1024 3174 1127 3238 locum
1152 3175 1226 3240 FN
1241 3198 1272 3254 n,
1297 3197 1333 3237 ac
1352 3195 1426 3257 por-

143 3284 260 3348 tionem
283 3283 312 3346 E
328 3280 391 3366 Pp
411 3282 444 3344 in
468 3281 496 3345 E
512 3281 544 3344 N
559 3301 583 3346 u
602 3279 726 3358 deferri,
750 3280 824 3344 satis
844 3279 927 3344 clare
949 3291 1069 3344 motum
1084 3301 1174 3365 aquae
1196 3281 1427 3366 progressivum

142 3389 316 3475 intelligere
337 3386 450 3452 licebit.
497 3385 579 3450 Cdm
593 3387 677 3450 enim
693 3397 797 3450 motus
811 3407 903 3472 aquae
917 3407 1048 3450 summae
1062 3387 1094 3449 A
1110 3385 1165 3448 fiat
1179 3385 1219 3448 ab
1235 3397 1306 3448 ortu
1325 3385 1357 3447 in
1373 3405 1426 3448 oc·

141 3517 259 3573 casum,
282 3517 363 3579 aqua
384 3515 454 3581 quae
475 3495 558 3561 circa
574 3496 603 3558 A
619 3493 728 3560 versus
742 3495 894 3558 orientem
909 3493 1026 3558 scilicet
1046 3492 1085 3557 ab
1109 3494 1149 3559 M
1163 3493 1204 3558 ad
1221 3495 1250 3558 N
1267 3515 1365 3579 usque
1379 3504 1427 3558 est

140 3603 208 3678 sita,
231 3603 265 3665 in
281 3621 426 3666 occasum
446 3601 642 3666 movebitur:
666 3600 869 3686 similiterque
883 3597 1006 3686 eaquae
1021 3599 1094 3664 huic
1108 3621 1127 3663 e
1141 3599 1293 3664 diametro
1307 3613 1354 3663 est
1368 3621 1425 3684 op-
1489 3595 1493 3604 '

140 3713 242 3794 posita
256 3724 288 3775 et
302 3712 436 3795 spatium
452 3711 523 3788 PQ
538 3726 678 3796 occupat
716 3711 835 3776 Contrd
846 3710 920 3774 verb
934 3711 1054 3798 reliqua
1068 3734 1149 3799 aqua
1162 3713 1195 3776 iu
1211 3711 1293 3788 MQ
1308 3724 1339 3776 et
1355 3713 1386 3776 N
1398 3713 1425 3778 P

142 3833 288 3886 contenta
317 3821 351 3884 in
380 3832 483 3886 ortum
512 3823 756 3908 promovebitur.
816 3821 935 3888 Verrim
964 3823 1103 3890 celeritas
1132 3824 1248 3910 ubique
1271 3845 1336 3888 non
1359 3826 1425 3890 -erit

143 3926 270 4002 eadem3
292 3930 324 3994 in
338 3932 463 4014 punctis
478 3931 561 3996 enim
580 3932 629 4008 M,
646 3931 688 4010 N,
706 3933 733 3996 P
748 3945 780 3996 et
795 3931 958 4018 Qquippe
972 3934 1121 4000 limitibus
1143 3937 1223 4000 inter
1238 3949 1340 4000 motus
1355 3957 1424 4000 ver-

146 4032 200 4095 eris
215 4045 318 4096 ortum
339 4048 369 4099 et
390 4035 521 4115 obitum,
538 4037 678 4102 celeritas
690 4038 749 4103 erit
758 4038 853 4116 nulla,
866 4038 979 4104 deinde
993 4041 1034 4106 ab
1047 4041 1087 4106 M
1101 4063 1198 4128 usque
1213 4041 1254 4106 ad
1270 4042 1297 4106 F
1308 4055 1426 4106 crescet

142 4141 259 4226 ubique
273 4141 316 4206 ita
330 4155 365 4208 ut
377 4146 568 4212 incrementa
582 4146 747 4212 celeritatis
762 4149 795 4212 in
809 4151 933 4234 punctis
947 4151 1057 4214 mediis
1071 4163 1107 4214 ut
1122 4153 1154 4215 A
1165 4151 1227 4216 sint
1241 4150 1423 4216 differentiis

143 4251 172 4314 A
190 4248 208 4312 f
215 4251 478 4334 proportionalia:
501 4257 542 4320 ab
566 4257 593 4320 F
613 4255 689 4320 verd
703 4279 801 4342 usque
815 4257 855 4321 ad
871 4258 903 4321 N
918 4257 1057 4322 celeritas
1072 4258 1252 4324 decrescere
1267 4258 1369 4336 debet,
1392 4271 1424 4322 et

140 4358 374 4426 decrementum
395 4365 556 4432 celeritatis
571 4369 604 4432 in
619 4389 637 4431 e
652 4368 712 4432 erit
725 4378 761 4432 ut
775 4391 794 4432 a
809 4391 844 4444 e3
866 4367 1021 4455 similique
1042 4369 1138 4434 modo
1152 4379 1349 4451 comparatus
1364 4368 1424 4432 erit

140 4478 246 4532 motus
260 4469 293 4531 in
308 4470 433 4556 reliquia
448 4475 640 4556 portionibus
655 4475 769 4562 figurae·
779 4479 958 4562 propositae.

184 4578 208 4656 i.
225 4583 278 4639 98.
303 4575 336 4640 Si
352 4575 421 4640 haec
434 4578 610 4665 diligentius
624 4603 850 4668 prosequamur
863 4605 900 4646 ac
914 4593 1063 4669 puuctum
1083 4605 1103 4645 a
1122 4583 1182 4667 ipsi
1197 4583 1229 4648 A
1242 4583 1423 4668 proximum

139 4701 305 4764 ponamus,
328 4686 519 4769 reperiemus
540 4689 574 4751 in
595 4689 667 4754 loco
682 4711 870 4777 quocunque
887 4691 927 4756 M
940 4691 1007 4755 sore
1029 4691 1225 4756 intervallmn
1241 4692 1280 4757 M
1295 4714 1326 4758 m
1342 4693 1423 4757 sinui

141 4788 231 4872 dupli
245 4793 352 4879 anguli
369 4793 409 4858 M
422 4793 494 4860 CA
507 4799 749 4881 proportionale.
793 4800 901 4878 Quare
915 4801 941 4866 si
957 4800 1063 4888 anguli
1078 4802 1109 4865 A
1126 4801 1154 4867 C
1170 4801 1209 4867 M
1224 4803 1310 4868 sinus
1323 4823 1421 4887 pona-
