3564 5864
328 542 392 602 286
629 529 695 597 DE
718 528 870 597 CAUSA
893 525 1098 594 PHYSICA
1122 523 1313 594 FLUXUS

328 705 428 790 &iffi
449 703 589 789 pertibus
610 703 717 792 digiti3
740 721 832 790 quem
853 721 911 766 suo
933 719 1021 765 more
1044 697 1181 767 breviter
1204 697 1411 784 deprehendit
1435 696 1610 764 Newtonus

328 830 396 873 esse
416 810 506 895 pedis
528 810 629 887 unius,
652 809 821 896 digitorum
839 805 984 871 undecim
999 825 1071 868 cum
1084 807 1125 885 ,ἧς
1139 817 1228 890 perte
1243 803 1342 892 digiti,
1361 825 1431 892 quae
1446 804 1575 870 altitudo
1592 829 1613 870 a

327 917 434 981 nostri
449 915 554 982 differt
567 914 688 981 tantdm
703 913 790 979 sexti
803 926 893 999 parte
907 913 998 976 unius
1013 910 1112 998 digiti.

373 1023 493 1088 Verdm
507 1026 541 1089 in
554 1025 615 1090 hoc
630 1023 749 1088 calculo
771 1021 874 1086 Terra
891 1020 1077 1106 supponitur
1092 1041 1159 1083 esse
1173 1017 1335 1104 sphoerics,
1351 1019 1411 1084 nisi
1427 1030 1577 1106 quatenus
1592 1041 1613 1084 e

328 1131 361 1196 ri
385 1132 466 1196 Solis
491 1153 576 1196 mure
599 1131 745 1196 elevatur.
791 1127 855 1194 Sed
877 1128 904 1192 si
926 1147 1089 1192 ascensum
1114 1146 1203 1212 equae
1225 1126 1398 1191 maximum
1418 1147 1608 1212 quaeramns,

329 1241 512 1326 ponendum
526 1253 573 1305 est
588 1239 693 1306 Solem
710 1239 744 1301 in
758 1237 875 1302 circulo
888 1234 1096 1323 aequinoctieli
1111 1233 1237 1312 versari,
1254 1232 1450 1324 figuramque
1465 1235 1498 1300 A
1512 1233 1541 1300 B
1555 1255 1576 1298 e
1588 1233 1613 1300 b

329 1348 362 1411 in
383 1347 445 1412 hoc
467 1348 561 1433 pleno
585 1345 739 1423 constitui,
764 1358 797 1409 et
820 1341 964 1432 ungenda
987 1353 1035 1406 est
1055 1341 1101 1405 vis
1124 1341 1157 1404 V
1178 1341 1212 1404 in
1231 1339 1350 1406 ratione

329 1454 562 1522 semi-diametri
583 1455 747 1520 mediocris
767 1454 808 1518 ed
828 1451 1106 1517 semi-diametrum
1121 1449 1232 1516 Terrae
1248 1453 1348 1518 maxi-

328 1587 425 1643 mum,
449 1579 480 1630 et
500 1564 668 1630 minuenda
685 1574 733 1628 est
748 1561 795 1626 vis
811 1559 844 1625 G
858 1559 959 1628 donec
973 1559 1083 1624 evadat
1097 1557 1225 1649 aeqnnlis
1245 1559 1348 1646 grevi-
1409 1554 1427 1594 ¹'

329 1672 385 1734 teti
408 1671 465 1735 sub
484 1683 661 1758 aequatore:
685 1670 707 1733 i.
722 1691 750 1733 e.
771 1667 797 1732 si
818 1666 952 1754 figurem
974 1665 1084 1730 Terrae
1103 1687 1173 1730 eam
1190 1687 1257 1730 esse
1274 1687 1347 1752 sup-
1400 1719 1401 1724 ,

256 1787 262 1800 ’
329 1797 481 1860 ponamus
503 1799 597 1864 quam
617 1773 757 1840 definivit
779 1771 960 1850 Newtonus,
983 1769 1127 1859 augenda
1140 1770 1199 1836 erit
1212 1771 1257 1838 vis
1271 1771 1302 1834 V
1316 1771 1350 1834 in

329 1887 449 1950 ratione
474 1895 536 1952 459
563 1885 603 1950 sd
626 1894 701 1964 460,
725 1894 758 1948 et
779 1881 948 1946 minuenda
970 1893 1017 1946 est
1041 1880 1073 1946 G
1098 1880 1132 1946 in
1155 1880 1264 1948 eadem
1286 1880 1351 1948 ferd

329 1995 459 2074 ratione,
483 1994 630 2081 quoniam
651 1993 731 2057 vires
752 1975 910 2080 gravitatis
929 1988 1140 2076 insuperficie
1154 1989 1264 2056 Terrae
1279 2002 1351 2056 sunt

329 2099 451 2164 inverse
466 2112 501 2164 ut
515 2098 669 2166 distantiae
681 2099 822 2163 locorum
836 2121 856 2162 e
870 2108 995 2174 centr03
1018 2094 1150 2184 cquue
1164 2096 1310 2164 distentio
1330 2097 1352 2162 d

330 2209 371 2274 sit
385 2208 528 2298 augenda
544 2210 577 2272 in
591 2206 702 2274 eidem
716 2207 846 2284 ratione,
862 2204 921 2270 erit
934 2225 1080 2269 ascensus
1095 2227 1185 2294 nquae
1199 2204 1231 2268 in
1245 2227 1351 2290 aequs-
1541 2245 1557 2290 3
1587 2275 1590 2280 ,

330 2331 399 2384 tore
414 2315 574 2406 eugendus
593 2317 627 2380 in
641 2315 761 2380 ratione
774 2313 930 2398 triplicate
943 2311 1177 2376 semi-diemotrl
1191 2311 1356 2376 mediocris

331 2425 373 2489 sd
394 2427 573 2501 maximnm,
617 2421 758 2508 sdedque
772 2421 831 2485 erit
844 2420 933 2505 pedis
954 2421 1057 2516 unius,
1080 2418 1249 2508 digitorum
1270 2421 1416 2488 undecim
1437 2445 1508 2488 cum
1530 2431 1608 2490 60³¹·

332 2534 454 2600 circiter
475 2544 564 2618 parte
578 2531 677 2620 digiti.
722 2531 823 2596 Terra
837 2543 942 2596 autem
963 2529 1055 2595 altior
1069 2541 1117 2594 est
1137 2529 1195 2594 sub
1209 2543 1367 2617 oequetore
1381 2533 1475 2621 quim
1494 2535 1616 2620 prodiit

332 2640 452 2704 calculo
462 2639 667 2704 Newtonieno
676 2660 716 2704 cx
729 2635 895 2725 hypothesi
910 2635 997 2725 qudd
1007 2636 1109 2702 Terre
1117 2637 1157 2702 sit
1166 2637 1358 2704 uniformiter
1368 2640 1464 2706 dense
1474 2665 1494 2705 a
1505 2665 1615 2728 super-

333 2747 403 2810 ficie
417 2769 516 2832 usque
530 2747 570 2812 sd
585 2761 725 2814 centrum
733 2771 742 2824 3
766 2759 801 2812 ut
816 2747 972 2832 colligitur
993 2769 1034 2812 ex
1054 2747 1147 2815 variis
1167 2747 1374 2832 pendulorum
1389 2751 1614 2818 observationi-

331 2853 402 2930 bus,
433 2867 465 2917 et
492 2855 665 2938 praesertim
686 2877 727 2920 ex
751 2855 896 2920 mensuri
921 2855 1037 2943 grsdirs
1058 2857 1221 2924 meridiani
1243 2883 1337 2946 quam
1364 2863 1422 2926 riri
1451 2863 1615 2928 clarissimi

332 2982 434 3046 nuper
449 2959 656 3024 definiverunt
670 2960 897 3033 scematissimd
912 2963 970 3028 sub
985 2961 1101 3028 circuo
1114 2963 1225 3048 polun'.

375 3069 471 3134 Soloi.
489 3075 518 3132 1.
543 3067 577 3133 Si
597 3069 781 3154 gravitatem
801 3069 1012 3153 posuissemus
1034 3069 1185 3156 oequslem
1205 3071 1239 3136 in
1261 3073 1292 3137 A
1306 3085 1339 3139 et
1360 3072 1399 3153 B,
1422 3087 1454 3140 et
1473 3075 1614 3162 ejusdem

333 3215 380 3281 ris
394 3215 428 3282 in
442 3213 507 3280 toti
522 3213 767 3280 circumferentiis
784 3215 815 3280 A
831 3215 860 3280 B
876 3215 940 3294 ab,
955 3217 1122 3304 prodiisset
1134 3240 1157 3282 x
1172 3219 1299 3306 aequelis
1314 3219 1434 3284 tuntdm
1450 3183 1562 3350 Ἠ,
1581 3231 1615 3286 et

335 3411 478 3456 ascensus
500 3411 589 3476 equae
611 3394 679 3474 (seu
695 3395 714 3466 2
729 3388 764 3468 x)
787 3387 877 3472 pedis
900 3389 1001 3466 unius,
1025 3387 1193 3476 digitorum
1216 3411 1272 3454 sex
1290 3411 1361 3454 cum
1382 3389 1472 3456 tertii
1492 3390 1613 3455 circiter

334 3509 423 3582 parte
437 3496 535 3582 digiti.
580 3496 708 3584 Quippe
721 3497 755 3560 in
768 3495 828 3561 hic
843 3496 1009 3584 hypothesi
1023 3497 1189 3582 prodiisset
1204 3498 1274 3564 CA
1288 3500 1329 3563 ad
1345 3498 1422 3578 CB,
1438 3513 1474 3564 ut
1489 3500 1521 3566 G
1534 3511 1566 3576 ÷
1582 3501 1613 3565 V

337 3642 376 3708 sd
392 3641 425 3708 G
438 3681 483 3694 -
496 3650 517 3705 2
532 3643 573 3722 V,
593 3643 733 3730 sdedque
747 3665 770 3708 x
784 3641 824 3706 ed
839 3643 870 3722 d,
894 3656 929 3708 ut
943 3604 1012 3772 {gy-
1026 3643 1066 3708 ad
1079 3643 1113 3709 G
1124 3642 1216 3730 qudm
1231 3642 1383 3729 proxime.
1420 3647 1526 3732 Atque
1540 3645 1614 3711 hinc

336 3826 465 3902 apparet
480 3815 595 3880 utilitas
609 3815 853 3916 praecedentium
869 3813 1131 3898 Propositionum,
1155 3813 1226 3880 crim
1241 3838 1385 3881 ascensus
1401 3839 1490 3902 squae
1503 3839 1615 3884 secun-

326 3921 414 4018 ¹*duim
436 3930 518 3988 hsnc
538 3921 641 3992 mints
662 3935 838 3988 accuratam
859 3921 1060 4010 hypothesim
1080 3925 1182 3988 minor
1197 3925 1238 3990 sit
1252 3947 1380 3990 escensu
1394 3947 1488 4010 quem
1507 3927 1541 3990 in
1555 3925 1615 3992 hric

338 4072 555 4160 Propositione
569 4073 775 4156 definivimus,
792 4073 963 4140 differentid
977 4037 1089 4157 Q
1113 4077 1221 4164 quarti
1237 4080 1354 4144 scilicet
1366 4092 1456 4166 perte
1470 4097 1615 4144 ascensus

991 4149 1012 4204 4
1029 4140 1062 4205 G

335 4245 428 4311 illius.

377 4355 473 4419 schor.
490 4363 520 4420 2.
544 4355 596 4422 Ex
617 4355 676 4422 hsc
694 4357 833 4422 doctrirui
851 4369 940 4444 petet
954 4359 1100 4426 satellites
1114 4359 1200 4424 Jovis
1217 4359 1283 4424 Soli
1295 4372 1328 4426 et
1342 4359 1401 4426 sibi
1416 4355 1525 4424 mutud
1541 4377 1615 4420 con·

333 4463 460 4547 junctos
482 4465 532 4530 vel
554 4467 713 4550 oppositos
728 4466 760 4530 in
776 4487 895 4531 oceano
904 4468 1012 4552 jovinli
1034 4469 1073 4553 (si
1088 4467 1169 4532 ullus
1184 4469 1235 4550 sit)
1258 4471 1398 4556 ingentes
1412 4483 1517 4534 motus
1532 4467 1615 4532 exci-

337 4581 404 4632 mre
426 4568 549 4650 dehere,
571 4571 666 4638 modd
686 4594 751 4638 nou
773 4573 835 4638 sint
855 4573 946 4638 Lund
966 4572 1071 4638 nostris
1090 4573 1189 4638 multd
1203 4576 1359 4654 minores3
1381 4571 1453 4640 cdm
1466 4575 1617 4640 diameter

337 4675 424 4740 Jovis
447 4677 488 4740 ed
510 4677 687 4746 distantium
708 4682 857 4768 cujusque
879 4681 1017 4745 satellitis
1035 4681 1136 4746 multd
1157 4685 1308 4770 majorem
1329 4682 1443 4748 hebent
1466 4681 1619 4748 rationem

338 4783 432 4874 quim
453 4785 603 4856 diameter
626 4793 737 4860 Terrae
757 4793 798 4860 ed
819 4793 995 4862 distantiam
1017 4791 1128 4858 Lunre
1171 4793 1347 4860 Verisimile
1365 4805 1412 4859 est
1430 4793 1619 4858 mutationes
