3520 5884
153 525 329 610 cisun}
523 527 594 596 an
612 527 834 622 ruurrorr
857 529 1063 598 Lassora·
1339 555 1431 600 mv

149 713 244 766 recte
267 701 350 768 Solis
372 703 464 766 etiam
484 701 679 788 equabiliter
692 703 935 791 progrederetur
948 706 984 770 in
996 715 1155 790 equanrs
1168 707 1210 770 ob
1222 705 1385 771 occidente
1397 707 1434 770 in

149 805 312 885 orientem,
328 807 394 872 dies
411 807 535 874 Solares
549 829 605 874 sau
618 809 827 876 revolutiones
837 811 969 898 sirrgrrloe
978 811 1087 897 ptrnou
1098 813 1132 879 D
1144 835 1162 878 a
1173 813 1290 878 circulo
1303 811 1436 878 horarie

151 915 184 980 T
198 913 225 980 Z
245 914 286 979 ad
308 913 452 993 eumdem,
475 926 580 982 essem
593 915 730 1002 equulos
744 928 776 982 et
790 928 917 1001 tempus
929 937 1082 1002 apparens
1096 939 1116 982 a
1129 917 1234 982 medio
1247 938 1313 982 non
1327 918 1434 983 differ-

150 1032 209 1084 ret.
255 1019 318 1085 Sed
340 1017 412 1084 cum
433 1031 538 1085 monis
559 1023 749 1088 ascensionis
769 1034 864 1112 rectae
878 1023 923 1102 D,
939 1023 1133 1110 inaequnbffis
1148 1024 1198 1102 sit,
1218 1023 1287 1088 dies
1300 1036 1333 1088 et
1345 1023 1435 1090 bran

154 1127 279 1194 Solares
296 1139 370 1192 sunt
383 1127 508 1215 quoque
524 1129 706 1215 inequales.
737 1129 948 1215 aspanorum
962 1129 1013 1208 M,
1028 1129 1222 1217 oeqmbiliter
1234 1129 1435 1218 progreditur

150 1235 184 1300 iu
198 1245 356 1321 aequatura
376 1235 418 1300 eb
438 1255 552 1302 ocoesu
566 1235 736 1314 adoratur,
752 1235 870 1302 et‘ided
883 1247 988 1300 mours
1001 1231 1084 1320 illius¹
1098 1237 1435 1321 constituipoteatpro

150 1340 295 1406 meunrri
315 1342 465 1426 temporis
482 1341 588 1408 madii.
634 1342 746 1430 Itaque
760 1343 927 1431 longitudo
941 1343 1023 1409 Solis
1037 1343 1142 1408 media
1154 1355 1186 1402 ‘t'
1215 1341 1293 1407 svel
1305 1341 1436 1428 oequalis

150 1462 199 1516 est
223 1453 514 1518 manian-recte
534 1463 569 1512 ‘o
590 1451 695 1518 Dvel
715 1451 752 1518 ei
774 1455 878 1538 major
895 1463 943 1518 est
963 1453 1146 1518 numium
1189 1451 1452 1536 lnprimocasu·¹

150 1557 1308 1646 punctumMcoinciditcuurpunctoD,insecundocasuestultniD,
1327 1555 1437 1624 verstls

151 1665 303 1732 orientem
325 1677 358 1732 et
379 1668 414 1732 in
433 1668 527 1735 tutio
548 1689 622 1734 casu
644 1679 693 1732 est
712 1665 792 1732 citri
812 1668 857 1745 D,
883 1664 991 1732 versis
1019 1665 1223 1732 occidenoem.
1268 1664 1437 1750 Temporis

154 1769 290 1836 absoluti
308 1783 503 1838 uomentem
523 1793 587 1859 quo
607 1783 760 1859 puuctum
776 1772 827 1852 M,
842 1771 990 1838 coiuddit
1010 1791 1086 1838 euru
1102 1783 1221 1857 puncto
1235 1771 1280 1848 D,
1296 1781 1438 1836 aumamr

152 1885 302 1962 napum
321 1877 512 1964 principium
526 1900 546 1943 u
559 1899 624 1964 quo
637 1889 764 1963 tenipus
783 1899 936 1964 apparens
950 1891 985 1941 et
996 1891 1119 1961 tempus
1132 1875 1273 1941 medium
1286 1875 1439 1961 incipiunt

155 1985 332 2069 computari
344 1997 377 2050 ct
391 2007 455 2074 quo
469 1985 561 2052 simul
575 1987 783 2063 coiudduntt
798 1999 831 2052 et
843 1987 877 2054 iu
891 1986 959 2050 aliis
973 1985 1094 2050 casibus
1109 1997 1233 2069 tempus
1247 2006 1402 2070 apparens
1415 2006 1438 2050 a

155 2093 262 2158 modio
274 2095 399 2162 differet
411 2117 472 2181 pro
485 2097 656 2183 mutate
670 2094 763 2160 ursas
783 2094 824 2160 M
838 2095 874 2159 D
887 2094 920 2158 iu
935 2105 1061 2178 tempas
1071 2091 1173 2158 achre
1187 2093 1328 2158 murersi
1350 2092 1452 2177 (1⁶le

155 2197 242 2264 Nam
251 2199 333 2266 dum
345 2214 499 2286 punctum
514 2203 561 2280 D,
574 2214 623 2268 est
636 2202 699 2268 sub
710 2199 884 2266 meridimo
905 2199 938 2263 Τ
953 2199 989 2276 Z,
1011 2197 1091 2262 hori
1119 2195 1171 2262 12⁶
1192 2209 1393 2283 computnnrr
1406 2197 1441 2265 in

154 2305 227 2370 loco
245 2307 545 2392 cuiturneridiauus
564 2309 665 2374 sst'T
685 2307 726 2386 Ζ.
744 2307 847 2372 stubi
865 2317 1020 2390 punctim
1042 2303 1374 2390 Mdintatopuuoto
1394 2305 1441 2384 D,

154 2434 248 2480 uotis
259 2415 298 2480 M
310 2416 355 2493 D,
370 2417 404 2480 in
418 2428 541 2500 tompus
554 2417 656 2482 solare
670 2435 848 2492 conversus,
864 2413 954 2480 dabit
961 2414 1169 2480 differentius
1182 2414 1265 2480 inter
1278 2414 1441 2480 meridiem

155 2535 357 2608 appuentem
371 2523 802 2610 etmeridisar·1aediurnqui
817 2521 1278 2611 contingitquauddpunctuur
1293 2520 1442 2590 Motu

156 2629 331 2696 meridiano
347 2631 379 2696 T
394 2631 430 2697 Z.

200 2745 254 2802 to.
279 2736 391 2824 Inque
414 2749 539 2824 tenipus
560 2739 701 2806 medium
723 2739 757 2804 in
780 2761 935 2824 apparens
960 2737 1005 2804 sic
1033 2738 1234 2804 convartitur.
1280 2735 1444 2814 Quaeritur

156 2843 323 2932 longitudo
345 2846 427 2912 Solis
448 2859 516 2912 turn
530 2847 645 2924 medin
665 2859 736 2912 turn
748 2865 824 2910 vera
837 2845 972 2931 tempori
985 2844 1059 2910 dato
1073 2843 1266 2930 mundetis
1282 2843 1354 2930 (44)
1369 2839 1443 2908 iudl

159 2952 278 3018 emitur
292 2954 497 3042 longitudinis
510 2977 595 3022 reru
607 2957 845 3022 exeusioreota
855 2955 975 3040 (14),ai
988 2953 1058 3020 haec
1070 2956 1173 3040 major
1185 2966 1234 3020 est
1245 2951 1444 3020 meditantis

159 3058 367 3146 lougimdine,
381 3061 557 3128 offensos
569 3063 603 3128 in
617 3075 742 3147 tempus
756 3061 856 3126 solare
877 3083 1028 3128 oensem
1040 3060 1232 3126 &mutan
1248 3081 1290 3126 ux
1303 3072 1445 3146 tempore

159 3163 984 3253 medioutliatappermadditursiminorast
1027 3167 1445 3254 Attempusappsrenaiu

158 3270 298 3336 neuun
319 3271 369 3338 itd
383 3286 536 3340 mutatur.
576 3273 887 3360 Tempusappaoous
903 3286 1053 3361 unqtram
1065 3274 1205 3340 medium
1219 3273 1444 3352 consideretur

159 3388 194 3444 et
212 3375 381 3464 inquiritur
400 3402 464 3464 pro
483 3380 559 3446 dato
575 3393 719 3466 tempore
737 3380 904 3467 longitudo
920 3381 1002 3446 sois
1015 3378 1083 3444 uim
1096 3379 1214 3458 medias
1227 3392 1294 3444 tum
1307 3401 1392 3458 vera,
1414 3393 1447 3444 et

159 3483 233 3550 inde
248 3485 367 3552 eruitur
381 3486 585 3576 longitudinis
600 3509 683 3552 veroe
697 3488 838 3552 osoensio
852 3499 955 3562 rectu
977 3487 1005 3552 si
1017 3485 1087 3552 hrot
1096 3485 1234 3552 medinm
1248 3487 1331 3556 solis
1343 3486 1446 3574 longi·-

159 3593 301 3658 tudinem
320 3607 458 3680 superat,
481 3595 657 3662 differentia
677 3597 711 3658 iu
733 3607 856 3680 tempus
879 3594 979 3659 solare
997 3615 1147 3659 conversa
1167 3594 1293 3660 additur
1311 3595 1446 3681 tempori

160 3701 373 3807 apperentium
387 3700 604 3766 fiatmedium.
637 3701 672 3766 Si
685 3699 761 3764 vero
774 3699 978 3787 longitudinis
992 3721 1076 3764 verse
1084 3699 1229 3764 escensio
1243 3713 1330 3764 recta
1343 3701 1448 3764 minor
1488 3686 1498 3700 ⁸
1605 3686 1610 3694 ¹

160 3819 209 3872 est
226 3808 330 3874 medii
351 3810 433 3875 Solis
450 3809 657 3898 longitudine,
678 3807 855 3873 differentia
868 3808 902 3872 iu
917 3821 1040 3893 tempus
1055 3807 1157 3874 solare
1171 3829 1322 3874 conversa
1335 3830 1356 3872 o
1369 3821 1447 3872 tern-
1519 3805 1521 3810 ⁸
1590 3893 1593 3907 Ι

160 3935 239 4000 pore
258 3931 427 4003 apparente
450 3917 643 3984 subducitur.
689 3917 832 3993 Quodsi
852 3915 957 3981 media
977 3917 1059 3983 Solis
1077 3915 1242 4005 longitudo
1259 3913 1388 4003 oequelis
1408 3916 1448 3980 sit

163 4026 334 4090 ascensioni
349 4039 442 4092 rectae
456 4025 661 4115 longitudinis
676 4047 768 4104 verae,
792 4037 916 4112 tempus
929 4049 1083 4112 apparens
1097 4027 1242 4116 congruit
1256 4047 1328 4092 cum
1341 4024 1447 4090 medio

163 4131 309 4218 nullique
333 4145 405 4221 eget
430 4133 614 4220 aequatione.
661 4132 746 4198 Hoec
770 4135 877 4198 omnia
897 4155 938 4198 ex
962 4133 1058 4198 modd
1083 4134 1174 4200 dictis
1196 4133 1265 4219 (46)
1285 4130 1447 4196 manifesta

165 4251 257 4315 sunt3
279 4243 305 4306 si
319 4243 402 4306 enim
415 4255 569 4327 puncnrm
584 4242 618 4307 D
634 4253 680 4306 est
694 4241 874 4306 orientalius
887 4253 1006 4326 puncto
1022 4241 1071 4320 Μ,
1086 4241 1148 4308 hoc
1162 4239 1253 4306 citius
1267 4239 1308 4304 ad
1321 4237 1448 4302 meridi-
1468 4241 1470 4246 ’
1488 4313 1492 4320 ,

164 4365 262 4410 anum
277 4345 308 4410 T
319 4347 355 4424 Z,
370 4348 513 4432 pervenit
527 4346 622 4434 quim
635 4345 725 4425 nlud,
741 4369 779 4412 ac
791 4349 927 4433 proinde
940 4346 1019 4414 hora
1035 4355 1087 4412 12·
1097 4347 1246 4433 temporis
1256 4345 1352 4410 medii
1362 4367 1448 4410 com-

162 4461 302 4536 putetur,
329 4449 399 4515 edm
423 4451 564 4518 nondum
587 4463 635 4518 est
654 4451 801 4518 meridies
822 4453 973 4539 temporis
993 4453 1182 4539 apparentis,
1204 4464 1237 4518 et
1257 4452 1449 4544 conuariunr

165 4555 328 4644 contingit,
353 4557 380 4619 si
403 4572 554 4642 puuctum
577 4558 613 4625 D
637 4571 758 4645 punctu
780 4557 821 4623 M
841 4559 936 4625 fuerit
957 4559 1188 4624 occidentalius.
1234 4558 1302 4624 Ubi
1325 4571 1449 4644 tempus
1593 4541 1597 4552 ¹

166 4685 321 4750 apparens
335 4664 369 4730 in
383 4665 522 4732 medium
536 4679 662 4753 oportet
676 4668 827 4744 converfi,
842 4679 983 4754 tempore
993 4679 1161 4754 apparente
1172 4667 1287 4732 utimur
1301 4681 1449 4756 tanquam

778 4780 800 4830 C
816 4785 832 4828 2
