3572 5878
637 547 977 616 PHILOSOPHIAE
1000 545 1273 613 NATURALIS
1305 547 1513 627 [DsMuun.
1526 547 1620 614 Srsr.

1129 1043 1299 1122 hesopedot

1162 1134 1268 1192 56637

1163 1221 1268 1276 56642

1162 1307 1268 1364 56659

1162 1391 1266 1452 56687

1163 1479 1268 1538 56724

1163 1566 1268 1627 56769

1163 1653 1267 1710 56823

1163 1740 1268 1797 56882

1163 1827 1268 1883 56945
1292 1873 1301 1890 ,

1162 1914 1268 1970 56958

1163 2001 1265 2060 56971

1164 2088 1269 2144 56984

1163 2175 1269 2234 56997

1163 2259 1270 2321 57010

1165 2347 1271 2407 57022
1394 2393 1395 2396 ,

1162 2432 1268 2490 57085

1162 2516 1269 2575 57048

1163 2603 1265 2662 57061

1163 2688 1267 2750 57074

1165 2775 1271 2835 57197

1165 2861 1269 2921 57196
1336 2899 1339 2910 ·

1071 3017 1079 3030 ⁴
1166 2948 1271 3007 57250

1165 3035 1270 3096 57295

1165 3119 1272 3180 57992

1109 3245 1115 3254 -
1165 3206 1272 3268 57860

1166 3293 1270 3354 57377

1165 3381 1270 3439 59982

383 3617 515 3682 Constat
538 3629 640 3681 autem
668 3637 726 3700 per
754 3617 836 3681 hano
860 3617 1008 3694 tabulam,
1040 3617 1126 3703 quod
1150 3597 1312 3705 graduum¹
1334 3616 1527 3702 inaequnlims
1556 3625 1620 3680 tam

335 3747 432 3810 pnrvu
455 3725 504 3802 sit,
529 3737 564 3789 ut
588 3726 621 3788 in
644 3724 736 3788 rebus
757 3725 975 3812 geographicis
997 3725 1099 3811 figura
1122 3727 1233 3794 Terrae
1255 3749 1314 3813 pro
1336 3723 1487 3810 sphaericri
1512 3723 1621 3788 haberi

334 3835 449 3922 possit:
473 3833 513 3919 (¹¹)
527 3833 701 3919 praesertim
721 3831 747 3896 si
770 3832 871 3898 Terra
885 3831 980 3917 paulo
994 3832 1122 3898 densior
1136 3837 1177 3900 sit
1192 3857 1299 3900 versus
1313 3833 1440 3918 planum
1454 3833 1621 3918 aequatoris

338 3945 432 4034 quim
446 3942 665 4029 versuspolos.

377 4061 449 4124 Jom
470 4055 544 4121 vero
566 4055 737 4120 astronomi
756 4055 851 4142 aliqui
865 4055 898 4118 in
913 4054 1101 4143 longinquas
1116 4057 1260 4146 regiones
1275 4051 1314 4118 od
1329 4053 1559 4119 observationes
1573 4077 1622 4120 os-
1669 4049 1671 4052 ’

338 4167 525 4231 tronornioss
547 4161 703 4228 faciendas
724 4163 821 4240 missi,
845 4161 1050 4228 observarunt
1071 4165 1157 4252 quod
1178 4162 1341 4249 horologia
1358 4162 1547 4228 oscillatoria
1560 4179 1623 4228 tur·

336 4272 407 4337 ditis
436 4285 635 4339 moverentur
663 4295 763 4358 prope
788 4285 979 4359 oequatorem
1008 4273 1102 4360 quim
1127 4275 1160 4338 in
1189 4272 1369 4360 regionibus
1397 4275 1524 4338 nostris.
1581 4273 1625 4337 Et

340 4381 443 4464 primo
464 4382 590 4468 quidem
612 4383 657 4446 D.
675 4381 792 4446 Ricber
813 4381 875 4446 hoc
891 4383 1068 4448 observavit
1081 4405 1164 4448 anno
1181 4389 1274 4451 1672.
1289 4382 1322 4445 in
1337 4382 1438 4447 insulsi
1456 4385 1623 4470 Cnyennae.

337 4487 421 4551 Nom
436 4487 511 4552 dum
526 4489 704 4554 observaret
718 4489 882 4554 transitum
897 4461 1032 4554 fixarrim
1046 4513 1104 4575 per
1120 4489 1328 4554 meridianum
1343 4511 1450 4554 mense
1467 4492 1622 4576 Augusto,

337 4595 452 4680 reperit
466 4595 663 4685 horologium
678 4617 769 4660 suum
779 4595 898 4660 tordius
908 4598 1026 4662 moveri
1037 4595 1131 4684 quim
1144 4619 1205 4682 pro
1218 4597 1323 4662 modio
1337 4611 1425 4662 motu
1441 4593 1531 4672 Solis,
1542 4595 1624 4658 exis·

340 4811 617 4942 (i§¹p,r2¹)l'r;ffl)st
637 4817 717 4864 rma.
754 4815 785 4864 In
801 4829 830 4862 eo
845 4813 960 4878 siquidem
975 4828 1031 4863 essu
1050 4813 1126 4862 nunni
1140 4814 1306 4864 diametrorum
1317 4812 1471 4864 munorum
1482 4811 1626 4862 ostendimus
