3520 5884
345 537 386 593 ss
641 489 980 594 annosorum
1005 525 1277 594 arruntius
1309 524 1517 608 [niuoso.
1531 527 1631 594 aar.

344 699 405 765 hio
418 699 488 787 lege
509 701 663 787 gravitate
685 699 834 764 deberent
855 699 888 762 in
910 721 944 763 se
957 698 1076 777 mutub,
1099 697 1171 762 crim
1192 711 1297 763 tamen
1318 699 1470 783 ejusmodi
1491 699 1628 786 gravitas

345 807 525 892 neutiquam
540 807 705 870 sentiatur:
722 804 897 890 respondeo
911 805 996 891 quod
1009 806 1144 892 gravitas
1158 805 1191 868 in
1205 804 1275 868 boec
1286 825 1427 888 corpora,
1444 802 1515 870 clun
1530 805 1571 868 sit
1585 805 1628 868 ad

345 913 528 1001 gravitatem
543 915 576 976 in
586 914 719 979 Terram
729 926 827 978 totam
841 926 875 977 ut
891 925 963 977 sunt
977 912 1045 976 baec
1060 935 1192 998 corpora
1205 913 1246 978 ad
1258 913 1390 977 Terram
1407 925 1515 990 totam,
1531 911 1626 999 longi

345 1019 450 1084 minor
464 1018 619 1107 estqudm
635 1041 706 1106 quoe
721 1021 828 1084 sentiri
842 1021 949 1104 possit.

390 1127 488 1190 Comi.
505 1135 535 1190 2.
559 1127 734 1191 Gravitatio
755 1126 789 1189 in
811 1126 947 1213 singulas
969 1124 1109 1210 eorporis
1129 1125 1298 1208 particulas
1319 1125 1455 1212 aquales
1476 1138 1525 1190 est
1546 1127 1626 1190 reci·

343 1236 439 1322 proce
461 1250 497 1302 ut
517 1237 702 1324 quadratum
716 1235 873 1302 distantiae
887 1237 1029 1300 looorum
1043 1257 1062 1298 a
1075 1235 1245 1318 particulis.
1295 1235 1386 1300 Patet
1399 1257 1457 1320 per
1472 1235 1578 1300 Corol.
1595 1245 1626 1301 8.

348 1344 444 1429 Prop.
462 1343 622 1409 LXXIV.
639 1343 710 1408 Lib.
728 1341 771 1406 I.·

567 1676 851 1744 PROPOSITIO
874 1676 968 1742 VIII.
1017 1674 1288 1742 THEOREMA
1310 1674 1406 1742 VIII.

345 1883 381 1948 si
391 1881 543 1966 globorum
554 1883 677 1944 dum
689 1883 722 1944 in
735 1901 766 1945 se
776 1878 875 1944 mund
885 1883 1106 1964 gravitontium
1117 1882 1246 1946 materia
1256 1880 1388 1961 undique
1398 1880 1432 1941 in
1445 1881 1627 1962 regimim,

389 2010 455 2073 quae
468 2012 489 2051 o
504 1990 614 2052 centias
627 1990 786 2073 <equaliter
800 1990 925 2064 distant,
941 1991 1119 2072 homogenaea
1133 1991 1195 2052 sit:
1218 1988 1277 2049 en‘t
1285 1987 1406 2066 pondus
1415 1985 1501 2068 globi
1514 1988 1629 2050 olm

389 2098 466 2162 trito
480 2099 514 2159 in
527 2099 654 2161 dmm
667 2095 818 2181 reciproci
831 2107 865 2160 ut
879 2099 1059 2181 qreodrolm
1074 2098 1229 2161 didantiae
1249 2097 1329 2158 inter
1342 2105 1456 2158 centra.

389 2302 560 2388 Postquam
580 2303 766 2390 invenissem
788 2302 972 2388 gravitatem
993 2303 1026 2366 in
1048 2302 1204 2387 planetam
1225 2313 1326 2364 totum
1347 2300 1422 2363 oriri
1437 2311 1468 2365 et
1483 2303 1630 2385 componi

346 2427 387 2470 ex
401 2405 603 2492 gravitatibus
625 2407 658 2468 in
679 2417 783 2491 partes
792 2429 801 2483 ;
825 2419 856 2470 et
870 2429 936 2470 esse
955 2407 988 2470 in
1002 2421 1107 2491 partes
1121 2406 1260 2494 singulas
1275 2405 1436 2491 reciproci
1450 2408 1629 2490 proportio·

345 2511 449 2575 nalem
474 2511 632 2597 quadratis
657 2512 873 2576 distantiarum
899 2535 918 2576 a
941 2512 1101 2598 partibus:
1124 2513 1305 2577 dubitabam
1330 2535 1370 2576 an
1393 2513 1554 2597 reciproca
1576 2513 1631 2576 illa

345 2618 507 2701 proportio
522 2617 679 2702 duplicata
693 2619 846 2682 obtineret
861 2618 1004 2683 accurati
1019 2619 1052 2682 in
1067 2620 1097 2682 vi
1117 2619 1181 2683 toti
1197 2642 1237 2682 ex
1251 2619 1368 2682 viribus
1381 2619 1525 2703 pluribus
1542 2643 1630 2684 com-

345 2721 456 2808 positi,
480 2745 520 2786 an
542 2723 616 2786 verb
639 2747 731 2808 quarn
752 2724 906 2810 proximi.
953 2725 1039 2790 Nam·
1058 2725 1128 2789 fieri
1146 2737 1252 2810 posset
1267 2738 1301 2788 ut
1315 2727 1486 2810 proportio,
1510 2747 1582 2810 quae
1596 2727 1631 2789 in

345 2924 490 2986 superficiem
518 2927 736 2988 perpendIculeritsr
763 2927 903 2991 dirigeretur
928 2943 970 2989 per
1007 2929 1069 2989 dem,
1080 2939 1108 2979 ut
1120 2931 1142 2979 Β
1156 2932 1196 2979 0²
1207 2932 1237 2980 ad
1250 2931 1273 2979 Ε
1286 2933 1325 2981 0²
1335 2931 1421 3044 &prop
1435 2931 1562 2980 LXXIV.
1576 2932 1630 2980 Lib.

345 2999 433 3036 rectam
451 2989 508 3037 ΒΕ
522 2991 560 3046 ῦς
576 2992 601 3040 in
618 2989 668 3052 ipsi
680 2991 782 3040 Telluris
792 2992 914 3052 superficie
927 2993 970 3041 ad·
1007 2993 1051 3056 1.).
1088 2993 1167 3051 Quasi
1178 2996 1320 3056 ponendoB
1363 2999 1375 3026 ²
1392 2995 1422 3042 ad
1437 2995 1459 3042 E
1473 2997 1514 3044 C²
1531 3005 1558 3042 ut
1572 2997 1629 3044 EC

346 3051 415 3100 datur
431 3053 520 3114 sphera
537 3055 568 3114 T,
586 3055 677 3105 Telluri
692 3057 838 3119 homogenen
853 3057 972 3118 triumque
1005 3056 1036 3104 ad
1058 3059 1079 3106 Β
1097 3059 1131 3115 D,
1150 3069 1211 3106 recte
1231 3059 1291 3107 BD
1310 3059 1426 3106 exhibebit
1447 3059 1584 3122 gravitatem
1603 3059 1630 3106 in

1008 3121 1105 3169 Terram
1116 3121 1140 3168 in
1152 3122 1204 3169 loro
1221 3122 1251 3180 B,
1267 3139 1295 3170 sc
1306 3121 1404 3182 proinde
1415 3123 1630 3182 omnpletoraatin·

1008 3183 1352 3248 guloTBDA,gmviiatis
1365 3183 1630 3246 direeioeritperdia-
1742 3183 1746 3190 ’

1007 3249 1114 3310 gonelern
1130 3249 1151 3296 B
1167 3252 1188 3295 A
1201 3251 1251 3312 (41.
1267 3249 1319 3297 Lib
1336 3249 1380 3312 1.).
1409 3249 1465 3297 Jam
1476 3249 1501 3295 in
1513 3249 1631 3312 triangulo

1190 3311 1425 3438 enarr*
1435 3313 1631 3430 anatur·

1007 3438 1065 3486 luris
1079 3437 1248 3486 senridiameter
1257 3439 1380 3488 medlooris
1392 3448 1427 3488 eat
1436 3438 1485 3486 ferd
1503 3445 1563 3488 1115
1580 3439 1631 3487 leu-

1007 3517 1087 3550 oarum
1103 3503 1247 3550 marinennn
1263 3505 1373 3566 (quarm
1388 3517 1473 3564 nempe
1483 3503 1566 3565 viginti
1577 3517 1630 3566 gn·

1008 3565 1065 3612 dum
1076 3567 1200 3626 complent,
1210 3581 1258 3614 uno
1268 3567 1358 3614 marino
1368 3566 1461 3614 milliari
1471 3565 1566 3629 singulo
1576 3581 1631 3629 gre-

1008 3627 1054 3677 dus
1064 3631 1156 3677 minuto
1166 3629 1324 3692 respondenti)
1336 3629 1392 3690 poni
1403 3631 1471 3678 etiam
1483 3639 1559 3690 potest
1569 3639 1632 3678 reeta

1011 3693 1032 3740 B
1047 3694 1071 3741 D
1087 3694 1183 3754 aqualis
1201 3693 1222 3741 E
1236 3695 1264 3751 C,
1282 3692 1381 3755 idedqua
1394 3693 1438 3742 erit
1453 3693 1483 3740 ad
1500 3691 1566 3751 ΤΒ,
1582 3694 1632 3740 sive

1010 3755 1112 3803 BDad
1126 3759 1148 3804 A
1163 3757 1339 3805 Dutmoad
1353 3761 1373 3812 1,
1391 3757 1454 3804 unde
1469 3756 1631 3821 proditangm

1008 3819 1046 3866 lus
1067 3822 1089 3866 A
1104 3821 1125 3866 Β
1139 3821 1171 3878 1),
1190 3821 1275 3868 minuti
1294 3821 1362 3881 primi
1381 3835 1435 3868 cum
1454 3820 1558 3868 dimidio.
1605 3821 1632 3868 Si

1008 3882 1086 3944 itaque
1101 3883 1152 3930 looo
1162 3885 1258 3944 spborre
1270 3885 1299 3936 Τ.
1316 3883 1460 3946 intelligatur
1470 3899 1538 3931 mons
1547 3883 1632 3946 aliquis

1008 3946 1175 4009 cujuscumque
1190 3947 1273 4010 ligura
1288 3949 1355 4010 cujus
1370 3949 1475 3995 adiectio
1483 3947 1632 4010 aquipolleat

1008 4010 1136 4057 sturmioni
1152 4009 1273 4072 ipsiusmet
1288 4013 1391 4072 sphera,
1405 4011 1534 4071 pendulum
1549 4011 1580 4057 ed
1594 4027 1631 4058 ιι-

1008 4071 1084 4121 dicem
1106 4074 1202 4136 hujusce
1223 4075 1309 4122 montis
1330 4075 1482 4122 eonstitutum
1501 4075 1523 4120 ri
1544 4075 1632 4122 montis

1007 4146 1130 4184 etinctum
1147 4137 1246 4185 deviabit
1260 4154 1274 4185 a
1288 4137 1454 4198 perpendiculo
1468 4137 1543 4200 magis
1559 4137 1631 4200 quim

1007 4201 1093 4248 minuti
1114 4201 1185 4246 unius
1206 4201 1275 4262 primi
1296 4201 1423 4248 intervallo.
1471 4201 1531 4248 Hac
1552 4211 1631 4248 autem

1007 4264 1120 4311 aberratio
1129 4265 1206 4310 mlnor
1217 4265 1263 4318 flet,
1279 4263 1299 4312 si
1313 4263 1442 4328 pendulum
1454 4264 1479 4310 in
1490 4273 1565 4324 partes
1575 4279 1631 4312 oon-

1007 4328 1088 4376 trarias
1103 4329 1132 4375 ab
1148 4327 1199 4374 eliis
1213 4329 1332 4375 montibus
1345 4328 1513 4387 ciscumposiris
1524 4328 1629 4386 trahitur,

1006 4389 1026 4436 si
1037 4390 1137 4438 densitas
1147 4391 1247 4450 partium
1259 4391 1401 4438 internarum
1414 4389 1500 4447 Terras,
1517 4393 1592 4454 major
1601 4391 1632 4438 sit

345 4453 483 4502 milliarium
509 4453 556 4501 sive
573 4451 647 4499 leuce
665 4448 736 4498 unius
751 4449 848 4497 marina
861 4449 972 4500 diametro
1006 4451 1077 4516 quim
1089 4451 1189 4500 densitas
1200 4455 1301 4514 partium
1312 4455 1404 4510 montis,
1420 4455 1519 4516 denique
1530 4471 1558 4502 ax
1570 4455 1630 4516 pira·

345 4517 460 4578 descripta
475 4532 546 4580 qum
561 4523 644 4578 tangat
659 4524 722 4561 reeta
741 4514 762 4561 B
776 4513 798 4560 Ε
812 4515 847 4571 C;
865 4515 972 4580 designer
1008 4517 1089 4564 midaii
1108 4517 1223 4564 montium
1243 4517 1325 4628 ligari,
1348 4519 1445 4581 alliquo
1465 4519 1525 4565 forte
1546 4520 1629 4576 αιιιὶι,

347 4581 371 4628 Ε
386 4581 405 4628 C
423 4581 471 4628 rim
487 4578 640 4643 gravitatisin
652 4577 932 4638 ipsasuperdcioTerrae,
950 4589 973 4627 et
1006 4579 1061 4626 binc
1079 4579 1206 4627 admodum
1225 4580 1248 4627 di
1275 4582 1319 4629 elle
1337 4593 1365 4629 ut
1381 4584 1564 4642 perturbatIones
1584 4583 1631 4629 illas

346 4644 478 4706 designabit
501 4643 558 4690 ΤΒ
580 4645 717 4705 gravitatem
738 4642 762 4688 in
785 4641 834 4701 ipsa
852 4643 974 4702 superficie
1006 4643 1124 4690 sensibiles
1142 4643 1200 4690 liant
1219 4645 1262 4692 nisi
1283 4645 1309 4692 in
1327 4647 1435 4692 maximis
1448 4647 1584 4704 montibus;
1604 4655 1631 4692 ut

347 4711 443 4768 spbaerae
456 4707 478 4754 T
490 4705 573 4771 (Prop.
590 4705 707 4752 LXXII.
723 4705 776 4752 Lib.
793 4705 827 4768 I.)
883 4706 973 4754 vitasin
1006 4705 1076 4754 etiam
1104 4706 1180 4754 Dan,
1214 4709 1327 4772 Bouguer
1358 4710 1518 4757 attmctionem
1544 4709 1631 4756 montis

349 4773 380 4829 E,
399 4771 423 4817 in
436 4769 556 4818 Tellurem
567 4769 611 4816 orit
621 4769 651 4816 ad
662 4769 797 4831 gravitatem
808 4721 906 4818 iffi„
917 4785 972 4818 oen·
1001 4769 1162 4828 *cumbam
1172 4771 1196 4820 in
1210 4771 1311 4822 Perusia
1321 4771 1452 4821 sensibilem
1463 4772 1620 4834 deprehendit.
