3516 5870
430 553 619 621 FLUXUS
641 551 702 618 Ac
728 547 980 618 REFLUXUS
1003 550 1161 618 MARIS.
1368 555 1431 616 259

150 727 353 793 conversione
375 725 483 792 circuli
504 727 535 792 A
551 726 590 790 M
606 726 635 790 B
656 724 738 788 cneo
752 709 939 790 dinmetnrm
957 727 1050 803 Ain
1073 727 1173 811 sitque
1188 723 1430 790 senuuiameoer

148 833 224 901 Ac
244 858 277 894 =
298 834 373 900 BC
393 859 426 892 =
445 853 478 908 r;
500 831 559 896 erit
573 833 640 915 ipse
659 829 838 915 superficies
858 855 890 890 =
910 839 966 894 iio
979 853 996 896 r
1010 853 1036 896 r.
1080 833 1151 896 Jem
1166 829 1338 895 attrahatur
1358 830 1429 895 hoec

9 933 11 936 ⁵
148 942 329 1028 superficies
344 943 385 1008 ed
401 943 503 1008 Solem
519 941 681 1038 Lunomre
699 940 732 1002 in
757 940 789 1016 S,
812 939 963 1003 existente
977 939 1124 1004 distantiis
1137 940 1205 1006 SC
1225 965 1257 998 =
1276 961 1312 1016 ας
1335 949 1427 1026 atque

149 1050 191 1114 ed
205 1050 268 1113 vim
282 1048 408 1114 totalem
422 1069 475 1111 seu
491 1058 637 1110 conatum
651 1067 714 1130 quo
729 1045 850 1132 integre
864 1044 1042 1128 superficies
1060 1045 1101 1108 od
1124 1046 1147 1110 S
1170 1045 1285 1140 tondet,
1308 1045 1427 1110 inveni-

148 1159 273 1236 endum,
289 1157 481 1240 concipiatur
495 1155 629 1220 snuuius
643 1153 766 1242 genitus
782 1153 983 1217 conversione
997 1152 1142 1216 elementi
1164 1151 1203 1216 M
1217 1175 1249 1216 m
1264 1153 1346 1218 circa
1360 1153 1426 1218 din·

147 1277 280 1330 metrum
303 1265 334 1327 A
349 1263 388 1340 Β,
411 1283 483 1349 quor
503 1273 651 1346 protensa
671 1280 729 1344 per
751 1259 776 1323 S
795 1269 940 1322 trauseat.
995 1260 1108 1326 Positis
1133 1259 1229 1348 igitur
1253 1262 1277 1326 S
1293 1263 1321 1326 P
1340 1287 1372 1322 =
1391 1285 1424 1342 x,

148 1373 224 1438 PM
241 1395 272 1431 =
287 1395 318 1458 y,
342 1371 401 1435 erit
420 1391 478 1454 per
497 1375 522 1452 §.
537 1367 672 1452 praeced.
688 1378 817 1430 conotus
837 1364 929 1450 hujus
945 1367 1052 1432 annuli
1071 1367 1106 1432 in
1124 1367 1295 1434 directione
1310 1369 1420 1437 PS:

145 1483 384 1666 {gurg-xi}
429 1522 474 1586 At
487 1521 589 1605 posito
605 1521 668 1605 Pp
689 1545 720 1618 ².
742 1518 764 1583 d
779 1481 987 1636 xperitkM'm
1006 1542 1038 1576 =
1055 1479 1159 1668 ἶς’-Χ,
1182 1530 1214 1586 ot
1233 1543 1257 1586 x
1271 1545 1294 1588 x
1313 1530 1346 1599 ÷
1364 1543 1385 1608 y
1402 1543 1424 1608 y

151 1711 183 1746 =
199 1625 417 1792 'nox-Usa
435 1699 468 1768 4-
487 1713 544 1770 rr,
565 1691 650 1757 uude
670 1688 778 1755 sonui
798 1699 927 1752 conatus
941 1709 1010 1752 ver·

145 1828 313 1898 srisSen‘t
332 1857 364 1893 =
464 1799 663 1864 *sud*
761 1833 1010 1922 cujusiutegrnle
1116 1799 1120 1808 Ι

384 1899 740 1982 (nox—nstro}

144 2054 190 2107 est
210 2069 243 2103 =
260 2043 288 2108 C
306 2052 339 2121 4-
357 2007 449 2170 :st
461 2007 800 2191 {gx-zffirrfgq
811 2067 851 2110 ex
871 2066 934 2131 quo
955 2065 1008 2109 cc-

142 2227 242 2296 netus
271 2217 424 2300 portionis
462 2215 638 2302 superficiei
677 2218 839 2302 sphaericre
881 2241 1008 2286 conver·

143 2363 229 2428 sione
248 2385 340 2460 orcus
365 2365 396 2429 Α
411 2361 450 2428 Μ
475 2375 552 2428 ortae
577 2363 715 2446 prodibit
742 2391 774 2428 =
795 2329 949 2426 Q
971 2365 1398 2445 41——

1259 2177 1291 2224 Α

1252 2246 1421 2391 h

846 2450 899 2490 ae

141 2535 579 2718 W.
625 2573 732 2649 Quare
747 2575 773 2641 si
786 2587 922 2661 ponetur
940 2573 1009 2642 ΒΡ
1075 2436 1414 2903 1,

147 2743 351 2808 :SBseu
380 2763 403 2804 x
429 2767 462 2802 =
488 2764 508 2804 e
534 2751 567 2820 4-
593 2765 620 2821 r,
645 2759 783 2834 emerget
806 2757 935 2810 conotus
960 2757 1008 2810 to·

140 2885 201 2951 tius
235 2885 409 2971 superficiei
448 2885 609 2971 sphaericae
644 2913 676 2950 =
708 2853 884 2956 Q:
915 2891 1050 2977 hincque
1235 2925 1258 2980 B

762 2975 815 3020 oo
879 2989 882 2996 v

142 3053 214 3119 cino
237 3056 306 3138 ipse
326 3053 504 3137 superficies
526 3057 617 3120 sit:
638 3065 694 3120 ns
706 3080 723 3120 r
736 3079 764 3134 r,
790 3060 850 3124 erit
870 3061 916 3126 vis
937 3059 1138 3126 ecceleratrix
1160 3061 1221 3146 quii
1243 3064 1422 3148 superficies

143 3199 296 3287 sphaerico
308 3211 380 3264 cetu
394 3198 501 3264 versus
516 3201 541 3266 S
555 3201 662 3268 tendet
681 3227 713 3262 =
734 3169 789 3328 Ξ
796 3248 807 3280 ,
822 3203 956 3291 idemne
969 3217 1065 3286 tante,
1081 3219 1197 3293 quanta
1211 3208 1300 3288 foret,
1315 3211 1342 3275 si
1356 3223 1421 3278 toto

142 3377 321 3463 superficies
335 3378 368 3440 in
383 3389 491 3442 centro
507 3359 535 3442 C
549 3391 630 3444 esset
643 3377 781 3446 colleou.
1048 3431 1052 3440 .
1169 3421 1173 3430 ·

184 3493 209 3570 §.
225 3495 277 3552 21.
302 3484 384 3550 Crim
406 3485 500 3573 igitur
521 3486 701 3571 superficies
716 3479 868 3574 sph'rerice
890 3489 1019 3576 perinde
1033 3492 1074 3556 ed
1098 3491 1202 3558 Solem
1217 3493 1280 3556 sive
1296 3491 1420 3557 Lunam

141 3598 174 3660 in
190 3599 214 3664 S
229 3580 420 3674 sollicitetur,
435 3605 473 3662 'nc
489 3597 515 3660 si
529 3609 595 3661 tots
609 3597 641 3660 in
656 3597 725 3684 ipso
740 3611 848 3664 centro
861 3613 942 3666 esset
955 3601 1097 3678 conflate,
1113 3601 1183 3664 haec
1195 3601 1368 3685 proprietas
1379 3599 1420 3666 ad

143 3727 252 3772 omnes
267 3705 446 3790 superficies
462 3703 639 3790 sphaericss,
655 3707 822 3792 exquibus
843 3707 965 3796 integre
978 3707 1100 3792 sphera
1113 3708 1284 3791 composite
1297 3707 1420 3792 concipi

145 3825 255 3898 potest,
277 3815 406 3900 patebit,
429 3813 599 3880 dummodo
619 3815 749 3902 singulus
762 3814 814 3880 hm
828 3816 1007 3901 superficies
1022 3837 1063 3880 ex
1076 3813 1203 3879 ronterii
1225 3813 1424 3902 homogened·

144 3933 291 3998 constent,
308 3922 372 3986 sive
387 3919 472 4007 quod
487 3921 596 3986 eodem
611 3921 702 4000 redit,
718 3923 785 4006 ipss
800 3922 923 4007 sphaera
938 3922 971 3986 in
989 3922 1097 3986 iisdem
1113 3944 1132 3985 a
1146 3933 1253 3986 centro
1267 3919 1431 3984 distantiis·

144 4029 184 4091 sit
197 4027 284 4112 requi
299 4028 416 4094 densn'
450 4029 546 4094 Hanc
561 4029 681 4096 obrem
696 4029 846 4116 ejusmodi
868 4031 994 4115 sphera
1006 4053 1129 4118 quoqne
1143 4029 1273 4114 perinde
1286 4029 1327 4094 sd
1344 4031 1367 4095 S
1385 4029 1417 4094 in

144 4133 313 4200 directione
329 4136 355 4200 P
372 4139 395 4202 S
408 4137 581 4226 urgebitur,
597 4159 635 4202 oc
648 4137 674 4202 si
695 4149 761 4202 tots
781 4137 879 4222 ipsius
893 4137 1021 4202 materie
1035 4138 1068 4200 in
1082 4151 1190 4202 centro
1207 4137 1235 4202 C
1249 4149 1330 4202 esset
1344 4157 1419 4200 con·

143 4256 300 4322 centreto3
322 4245 449 4334 hsecque
470 4248 644 4332 proprietas
665 4269 729 4312 non
752 4245 853 4312 schim
873 4248 907 4310 in
928 4245 1079 4332 ejusmodi
1101 4245 1238 4330 sphaerns
1260 4245 1418 4329 competit,

143 4373 215 4436 quse
235 4363 310 4416 tote
331 4373 372 4416 ex
392 4353 520 4418 meteriis
535 4353 681 4418 uniformi
695 4366 769 4418 suut
782 4353 941 4431 coniector,
962 4351 1125 4420 sedetiam
1139 4365 1175 4416 ut
1190 4353 1257 4437 jem
1271 4351 1418 4417 indicavi-

142 4481 222 4538 mus,
237 4459 271 4522 in
285 4459 372 4538 tales,
388 4481 458 4547 quae
472 4483 512 4526 ex
525 4462 652 4528 moterii
668 4474 811 4527 constent
823 4461 970 4550 difformi,
982 4460 1155 4526 dummodo
1168 4459 1203 4522 iu
1217 4453 1388 4546 aequeiibus
1399 4485 1419 4526 e

143 4582 251 4636 centro
261 4570 421 4647 distantiis,
437 4572 567 4636 motoris
576 4573 816 4659 circumquaque
828 4571 868 4636 sit
880 4571 1075 4658 homogeneo
1089 4590 1144 4632 seu
1158 4569 1267 4632 saltem
1281 4569 1419 4655 ejusdem

143 4675 313 4744 densitatis.
360 4677 442 4744 Cirm
463 4680 558 4766 igitur
572 4681 705 4747 Terreni
719 4681 778 4746 sibi
799 4692 1022 4766 repnrsentore
1042 4679 1133 4743 liceat
1147 4691 1296 4764 tanquam
1317 4681 1420 4766 sphae·

142 4805 219 4864 rem,
244 4785 270 4850 si
295 4809 360 4852 non
382 4809 422 4852 ex
441 4785 587 4852 uniformi
608 4789 736 4856 ronterii
759 4789 935 4867 conflatam,
957 4801 1061 4853 tomen
1082 4787 1235 4852 sincello
1254 4809 1360 4854 errore
1377 4787 1421 4852 ito
1455 4823 1458 4832 =

760 4897 782 4946 T
793 4903 808 4946 4
