3516 5870
315 511 377 570 252
564 502 831 580 INQUISITIO
853 501 1058 568 PHYSIOA
1081 499 1133 568 IN
1156 499 1350 572 CAUSAM

311 673 512 762 mitigabitur.
558 675 752 760 Hujusmodi
773 686 878 739 autem
899 674 946 738 vis
968 674 1131 740 existentia
1153 673 1221 740 aliis
1243 673 1425 752 rationibus,
1447 675 1535 742 nullo
1549 676 1597 744 ad

310 795 422 848 aestum
435 783 529 848 meris
543 781 651 848 habito
666 796 818 868 respectu,
836 783 908 849 satis
924 781 1007 846 clere
1022 784 1123 848 evinci
1143 795 1267 868 potest;
1289 785 1363 870 quie
1376 785 1459 850 enim
1472 785 1598 852 nullum

310 900 365 964 cst,
378 889 518 968 dubium,
532 891 618 974 'quin
640 891 733 956 Luna
754 891 795 954 ad
819 890 953 957 Terram
974 904 1151 958 constanter
1171 891 1300 970 feratur,
1323 893 1366 958 ob
1387 895 1599 980 aequaliorem

311 1000 441 1064 actionis
462 1013 495 1064 et
515 1001 679 1066 reeotionis
702 1001 836 1065 Terram
861 1021 986 1085 quoque
1009 999 1117 1066 verstis
1140 1002 1266 1068 Lunam
1291 1003 1365 1087 pelli
1387 1025 1514 1070 neccsse
1537 1016 1596 1070 est.

312 1106 456 1191 Namque
471 1107 497 1170 si
510 1129 664 1190 ponamus
681 1107 754 1172 Sole
767 1107 892 1192 penitus
908 1107 1041 1184 sublato,
1054 1108 1165 1172 Terrae
1179 1130 1216 1172 ac
1227 1109 1331 1174 Lunae
1341 1131 1466 1176 omnem
1476 1123 1599 1176 monim

311 1213 415 1278 subitb
437 1213 541 1290 adimi,
567 1213 659 1284 Luna
674 1213 782 1297 utique
797 1213 839 1278 ad
861 1213 995 1278 Terram
1010 1214 1157 1292 accedet3
1178 1237 1274 1280 nemo
1288 1229 1393 1280 cutem
1407 1239 1473 1280 non
1485 1239 1599 1284 conce

309 1319 372 1398 det,
396 1318 496 1404 probe
516 1320 678 1406 perpensis
699 1319 860 1404 principiis
883 1319 1080 1398 mechanicis,
1104 1320 1238 1390 Terram
1258 1322 1455 1388 interesnon
1468 1323 1599 1408 prorsuis
1631 1382 1634 1390 .

311 1455 379 1500 esse
401 1432 586 1519 quieturam,
610 1432 666 1496 sed
688 1432 790 1500 Lunae
812 1431 936 1496 obviam
960 1431 1084 1510 ituram,
1110 1455 1357 1521 concursumque
1381 1436 1415 1500 in
1439 1437 1600 1500 communi

312 1539 473 1626 gravitatis
495 1551 603 1602 centro
626 1539 827 1626 consurgere:
850 1538 913 1602 hoc
933 1549 1037 1604 autem
1053 1539 1177 1604 evenire
1192 1562 1258 1604 non
1278 1541 1401 1626 pota-it,
1422 1542 1483 1606 nist
1497 1542 1601 1606 Tem

310 1660 381 1712 actu
403 1647 445 1712 ad
467 1646 592 1716 Lucam
611 1647 804 1714 souicireuu.
850 1646 977 1712 Deinde
996 1648 1029 1712 in
1044 1646 1111 1732 ipsis
1127 1647 1219 1714 Luni
1233 1649 1416 1735 gravitatem
1431 1649 1500 1714 dari
1513 1651 1599 1714 nmi-

311 1756 375 1821 lem
388 1754 472 1832 huic,
488 1777 583 1840 quarn
596 1755 631 1820 in
645 1755 748 1822 Termi
764 1755 924 1832 sentimus,
948 1756 1056 1842 negari
1074 1779 1139 1820 non
1153 1769 1273 1841 potest3
1294 1759 1355 1824 nisi
1369 1759 1453 1824 enirn
1468 1760 1537 1824 talis
1551 1761 1599 1826 vis

309 1863 345 1926 in
360 1859 452 1926 Laus
467 1861 596 1949 vigeret,
612 1875 716 1946 partes
731 1862 835 1929 Lunae
848 1861 963 1940 fluidae,
979 1861 1054 1930 crim
1069 1862 1111 1928 ob
1126 1865 1310 1950 gravitatem
1324 1866 1357 1930 iu
1372 1866 1514 1944 Terram,
1530 1865 1600 1932 uim

310 1969 352 2032 ob
366 1981 488 2038 motum
504 1968 607 2035 Lunae
628 1970 712 2039 circe
733 1970 896 2055 proprium
910 1991 1012 2046 axam,
1027 1970 1085 2036 etsi
1100 1971 1141 2034 sit
1155 1971 1326 2036 sdmodrim
1340 1973 1452 2052 lentus,
1475 1989 1507 2040 et
1519 1988 1600 2040 tem·

314 2078 385 2162 pori
405 2078 568 2162 periodica,
588 2081 727 2166 equalis,
746 2079 949 2164 jamdudum
968 2080 1152 2158 evolassent,
1175 2095 1344 2168 partesque
1358 2083 1467 2148 solidae
1481 2085 1599 2150 conda·

310 2187 439 2250 tantiam
464 2207 553 2250 suam
578 2187 763 2254 misissent.
808 2185 957 2252 Pluribus
981 2185 1116 2272 deniqne
1141 2187 1209 2250 aliis
1234 2189 1407 2254 rationibus
1428 2211 1470 2254 ex
1488 2191 1599 2256 nemra

310 2297 466 2360 vorticum
486 2297 602 2380 petitis,
625 2296 724 2383 magis
744 2295 924 2358 confirmari
942 2306 1049 2379 posset
1062 2295 1124 2358 tale
1138 2317 1254 2380 corpus
1270 2297 1473 2378 mundanum,
1496 2302 1600 2385 cujus·

315 2407 402 2472 modi
416 2420 464 2472 est
479 2404 582 2487 Luna,
607 2409 777 2474 subsistere
792 2428 857 2470 uon
870 2427 973 2492 posse,
988 2406 1049 2470 nisi
1063 2407 1180 2472 vortice
1194 2409 1235 2471 sit
1249 2408 1394 2486 cinctum,
1417 2431 1481 2495 qno
1495 2412 1600 2498 gravi-

318 2526 365 2578 tas
379 2517 412 2578 in
427 2515 461 2580 id
481 2530 659 2604 generetm.
705 2516 802 2594 Quod
816 2515 843 2580 si
858 2535 962 2580 autem
976 2516 1213 2602 macedonem
1226 2517 1334 2582 vereris
1348 2519 1473 2585 Limam
1488 2541 1601 2586 conce-

312 2620 433 2702 damus,
457 2647 514 2688 cur
535 2627 602 2712 ejus
624 2627 780 2691 acn‘onem
801 2647 866 2688 non
888 2624 928 2687 ad
950 2643 1008 2688 nos
1028 2623 1349 2710 mqueadmittemus,
1372 2626 1457 2690 nulla
1470 2627 1601 2692 omnino

310 2731 390 2796 ratio
405 2735 533 2800 suadet:
556 2729 634 2822 quin'
645 2736 751 2822 potitis
772 2734 924 2820 ejusmodi
939 2735 1003 2797 vim
1022 2734 1155 2798 similem
1169 2733 1263 2798 stetui
1277 2735 1450 2812 conveniet,
1472 2736 1601 2823 reliquis

310 2837 345 2900 in
358 2839 478 2904 mundo
492 2840 706 2926 deprehensis,
731 2863 802 2928 quae
816 2841 905 2926 qnasi
926 2841 959 2903 in
980 2839 1137 2905 infinitum
1151 2840 1367 2927 porriguntur,
1390 2854 1483 2928 etque
1497 2843 1601 2908 inver-

311 2965 378 3022 sam
392 2945 584 3030 duplicatam
599 2959 707 3012 teneus
721 2947 937 3013 dsunaarum
952 2946 1114 3010 rationem.

352 3057 375 3134 t.
394 3061 445 3117 10.
469 3054 534 3118 His
555 3055 707 3139 expositis
729 3053 926 3118 manifestum
948 3065 1004 3130 est,
1028 3067 1061 3116 et
1082 3053 1171 3138 quasi
1193 3055 1384 3138 experientia
1410 3057 1597 3134 convictum,

312 3157 445 3224 Terram
467 3183 540 3228 cum
560 3162 689 3250 singulis
709 3162 772 3226 suis
791 3161 933 3246 pertibus
954 3173 1019 3224 tam
1040 3158 1147 3224 vereris
1164 3161 1288 3224 Lunam
1303 3159 1397 3247 quim
1412 3161 1519 3228 versiae
1539 3164 1600 3228 So-

310 3267 372 3332 lem
394 3269 549 3355 perpetui)
570 3271 738 3348 sollicitari,
762 3282 854 3357 atque
876 3281 1040 3354 utramque
1062 3269 1125 3330 vim
1145 3267 1412 3353 proportionalem
1431 3291 1499 3334 esse
1513 3271 1598 3335 reci-

312 3379 408 3462 proce
429 3381 588 3465 quadratis
609 3381 836 3454 distantiarum.
883 3379 948 3442 Hae
962 3377 1058 3464 igitur
1072 3377 1163 3454 vires,
1180 3376 1253 3450 crim
1268 3389 1339 3442 actu
1355 3379 1499 3456 existant,
1522 3399 1599 3444 con·

310 3499 488 3575 stanterque
508 3491 654 3556 effectum
676 3513 768 3556 suum
787 3499 928 3564 exerant,
951 3488 983 3549 in
1004 3485 1152 3570 praesenti
1171 3485 1308 3572 negotio,
1337 3509 1399 3572 quo
1418 3488 1452 3550 in
1472 3507 1598 3552 causam

310 3593 403 3658 aestirs
424 3598 519 3660 meris
541 3599 736 3684 inquirimus,
758 3597 911 3683 proeteriri
933 3593 1062 3659 omnino
1084 3607 1262 3681 nequeunt3
1284 3595 1345 3658 nisi
1365 3595 1502 3660 dilucide
1521 3595 1597 3660 ante

310 3701 351 3764 sit
371 3703 550 3787 probatum,
574 3729 625 3769 eas
646 3727 711 3769 non
732 3703 835 3770 solrlm
855 3707 977 3770 flentum
992 3727 1029 3768 ec
1042 3703 1199 3768 refirmum
1217 3725 1283 3768 non
1303 3725 1461 3790 generare,
1483 3705 1538 3768 sed
1551 3726 1595 3768 ne

309 3808 436 3893 quidem
460 3812 626 3897 quicquam
647 3812 778 3876 efficere.
824 3812 857 3878 Si
878 3812 962 3876 enim
987 3812 1056 3875 istae
1080 3811 1159 3876 vires
1180 3811 1279 3874 ullum
1301 3811 1454 3876 duntaxat
1472 3825 1596 3878 motum

307 3923 505 4006 reciprocum
526 3924 605 3987 mari
625 3922 774 3987 inducere
795 3922 927 4000 valeant,
948 3922 1148 4007 quantumvis
1168 3923 1194 3984 is
1215 3922 1308 3984 etiam
1329 3923 1369 3984 sit
1383 3923 1525 4010 exiguus,
1548 3935 1595 3989 at·
1618 3969 1621 3974 ι

308 4049 369 4116 que
391 4028 471 4092 adeb
490 4029 581 4092 aestui
602 4030 697 4093 maris
715 4027 845 4093 fortasse
866 4029 1051 4106 contrarius,
1074 4047 1183 4094 esrum
1202 4041 1307 4092 tamen
1327 4029 1407 4094 ratio
1420 4030 1595 4098 necessarie

307 4135 366 4199 erit
385 4135 540 4213 habenda,
562 4132 635 4198 cnm
657 4137 724 4200 sine
745 4135 806 4200 illis
823 4157 898 4199 vera
916 4157 1020 4212 causa,
1044 4155 1250 4222 quecumque
1275 4135 1324 4210 sit,
1347 4157 1450 4221 neque
1469 4137 1594 4203 investi·

306 4243 375 4330 gari
387 4265 491 4330 neque
506 4244 652 4331 cognosci
666 4244 774 4328 possit.
815 4245 927 4330 Neque
941 4255 1094 4329 praeterea
1108 4265 1192 4307 sanae
1206 4243 1335 4308 rationis
1349 4260 1508 4332 praecepta
1521 4269 1594 4332 pen

306 4350 435 4414 mittunt
457 4350 532 4416 alias
558 4349 639 4414 vires
661 4351 851 4437 excogitare,
876 4351 910 4414 in
934 4351 1034 4436 iisqw
1054 4371 1179 4414 causam
1199 4345 1294 4426 restris
1313 4353 1409 4414 maris
1429 4354 1592 4433 collocare,

307 4471 475 4544 antequam
495 4461 655 4524 evidenter
676 4461 717 4524 sit
735 4460 992 4536 demonstratum,
1013 4459 1102 4522 binas
1121 4458 1198 4522 istas
1220 4458 1299 4522 vires
1322 4459 1427 4524 Solem
1454 4462 1594 4527 Lunam·

307 4587 368 4652 que
384 4579 569 4650 spectantes,
585 4587 662 4653 quas
677 4589 740 4630 non
755 4566 893 4655 grmnitb
908 4565 1119 4641 assumimus,
1144 4564 1202 4628 sed
1215 4585 1256 4628 ex
1270 4566 1449 4632 certissimis
1462 4569 1594 4654 pbaeno'-

306 4671 407 4737 menis
429 4673 462 4736 in
483 4675 603 4738 mundo
621 4674 755 4740 existere
776 4675 929 4751 novbnus,
952 4672 994 4735 sd
1015 4671 1138 4735 fluxum
1162 4693 1199 4734 ao
1214 4671 1379 4737 ‘refluxum
1400 4676 1495 4740 maris
1518 4687 1594 4761 pro·

306 4779 484 4848 ducendum
498 4803 562 4846 non
577 4807 645 4850 esse
659 4784 855 4851 sufficientes.
901 4783 941 4847 In
957 4781 1157 4868 sequentibus
1172 4795 1277 4850 autem
1294 4784 1457 4871 Capitibus
1469 4785 1593 4854 clanis·
