3516 5870
435 563 626 634 FLUKUS
648 565 719 632 AC'
733 561 1168 634 sumturus-maula
1372 569 1438 632 288

157 747 226 802 tore
246 738 369 817 existat,
392 739 443 802 vel
464 741 575 804 Terrae
597 739 685 802 locus
700 738 759 801 sub
773 749 929 824 aequatore
944 742 984 803 sit
998 739 1084 818 situs,
1107 741 1211 804 fluxus
1226 739 1320 801 maris
1334 736 1439 800 diunri

158 847 355 909 ac'noeturni
374 858 467 909 erunt
480 845 667 930 iuaequa-les3
689 844 893 908 luminaribus
907 859 1010 909 autem
1031 849 1064 908 in
1079 858 1235 932 arquatore
1249 844 1435 925 extantibus,

1024 951 1047 1014 S

1000 1037 1069 1113 su
1088 997 1120 1062 ÷
1138 975 1245 1114 rol·

196 1169 221 1244 l.
237 1172 288 1228 54.
315 1165 361 1228 Ut
381 1164 513 1227 nuncin
529 1162 666 1237 effectus,
689 1182 775 1246 quos
788 1160 844 1226 Sol
865 1173 896 1224 et
918 1161 1012 1224 Luna
1031 1159 1064 1222 iu
1079 1159 1275 1245 quadraturis
1291 1161 1340 1224 siti
1360 1183 1435 1226 con-

150 1269 284 1352 junctim
304 1269 495 1353 producunt,
519 1268 729 1354 inquiramus3
751 1287 914 1351 ponamus,
938 1289 979 1329 ne
993 1266 1128 1330 calculus
1143 1266 1273 1328 nimium
1288 1265 1343 1330 fiat
1363 1289 1437 1350 pro-

151 1376 242 1455 lixus,
266 1379 372 1443 Solem
389 1381 421 1440 in
442 1381 511 1463 ipso
525 1387 682 1462 aequatore
696 1376 822 1452 versari,
846 1376 992 1460 quoniam
1007 1385 1074 1437 tum
1093 1373 1275 1459 plerumque
1290 1376 1435 1439 minimus

151 1499 246 1550 aestus
271 1487 463 1550 observatur.
509 1485 585 1548 Hoc
609 1483 713 1568 itaque
737 1503 811 1545 easu
840 1481 922 1545 Solis
943 1479 1108 1544 declinatio
1130 1480 1188 1543 erit
1209 1479 1304 1556 nulla,
1332 1481 1435 1546 Lunae

151 1592 226 1657 verb
248 1594 394 1669 maxima,
419 1613 513 1678 quam
534 1589 676 1678 neglecti
696 1589 860 1652 latitudine
875 1611 1066 1652 assumamus
1088 1597 1152 1654 23⁰.
1169 1591 1230 1654 29‘.
1247 1591 1333 1675 cujus
1349 1589 1434 1654 sinus

151 1703 191 1764 sit
211 1725 242 1759 =
264 1701 306 1777 Q,
331 1701 454 1764 cosinus
469 1725 500 1760 =
515 1723 546 1786 q,
572 1696 672 1782 positi
698 1695 758 1760 hac
779 1696 984 1762 declinatione
1004 1697 1131 1762 boreali.
1185 1697 1258 1762 Jarn
1281 1719 1434 1781 ponamus

152 1808 276 1872 Lunam
298 1811 331 1871 in
352 1808 525 1873 meridiano
546 1809 580 1870 in
603 1806 643 1870 M
664 1807 789 1884 versari,
810 1829 873 1893 quo
894 1820 1033 1891 tempore
1057 1807 1111 1872 Sol
1126 1805 1185 1868 erit
1206 1808 1239 1870 in
1253 1807 1433 1885 horizonte3

154 1913 236 1978 unda
266 1911 337 1978 culm
367 1937 448 2000 aqua
476 1935 570 1999 supro
598 1924 712 1978 statum
740 1913 912 1978 neutralem
941 1913 1078 1978 elevetur.
1101 1935 1121 1976 a
1149 1910 1241 1976 Luna
1271 1913 1434 1978 intervallo

153 2021 226 2106 Ῑ“(3
239 2027 272 2106 (Ρ
320 2022 399 2184 ’ἕξ
410 2023 455 2104 Q)
467 2021 480 2060 ⁹
490 2059 532 2072 ““
547 2025 589 2139 1),
612 2085 632 2125 a
648 2061 720 2127 Sole
735 2059 809 2126 verb
822 2061 1014 2146 deprimatur
1027 2061 1190 2126 intervallo
1205 2023 1285 2186 ᾖ,
1298 2061 1338 2125 ab
1348 2061 1433 2126 utral-

151 2287 211 2350 que
226 2266 256 2328 vi
272 2267 462 2352 conjunctim
476 2267 646 2336 elevabitur
660 2293 717 2356 per
732 2271 866 2356 spatium
880 2232 952 2316 L(a
963 2239 997 2316 (p
1006 2255 1026 2318 q
1037 2227 1177 2394 ἕξεως
1194 2227 1227 2280 .'
1238 2232 1269 2312 1)
1284 2303 1328 2317 -
1342 2231 1431 2395 ἐΰς

151 2449 187 2530 at
198 2437 273 2502 dum
289 2439 383 2504 Luna
398 2441 456 2505 sub
470 2441 632 2510 horizonte
646 2445 687 2510 ad
702 2445 907 2550 meridianum
929 2442 1066 2528 appellit,
1089 2462 1169 2528 aqua
1184 2439 1354 2505 elevabitur
1374 2465 1432 2526 per

150 2588 282 2672 spatium
298 2551 728 2714 Iffli-ffiqV—-lj
743 2628 786 2644 -
800 2557 878 2720 ᾗ.
919 2593 1066 2656 Sumatur
1080 2590 1161 2654 inter
1175 2587 1232 2652 has
1248 2589 1355 2653 ambas
1369 2592 1431 2656 ele-

149 2759 288 2826 vationes
304 2761 471 2846 inaequales
485 2783 574 2826 more
589 2762 680 2827 solito
694 2747 841 2844 medium,
864 2765 984 2850 eritque
999 2760 1129 2828 elevatio
1144 2781 1233 2847 aquae
1247 2759 1350 2825 media
1370 2761 1433 2826 hac

150 2903 339 2994 quadraturis
354 2907 498 2972 eveniens
508 2936 544 2964 =
555 2867 1078 3032 Qffffl
1091 2943 1134 2958 -
1148 2869 1226 3033 ᾖ.
1277 2907 1430 2974 Refluxus

154 999 286 1076 utraque
300 1011 389 1078 aquoe
404 989 533 1054 elevatio
548 989 603 1052 liet
615 1010 673 1073 per
688 989 821 1073 spatium
830 1015 865 1044 =
878 999 896 1052 8
908 1010 962 1072 pp
977 976 999 1104 (

148 3075 225 3139 verb
240 3077 409 3162 continget,
425 3075 497 3139 calm
512 3075 604 3138 Luna
617 3073 812 3139 horizontem
827 3078 966 3160 attinget,
988 3098 1050 3161 quo
1065 3067 1206 3158 tempore
1222 3075 1277 3140 Sol
1290 3077 1323 3138 in
1337 3081 1430 3142 meri-
1556 3125 1560 3138 .

150 3181 245 3247 diano
265 3181 410 3268 proxime
431 3181 613 3259 versabitur,
637 3203 679 3245 ex
693 3204 756 3268 quo
771 3183 929 3267 depressio
944 3183 1047 3245 totalis
1063 3200 1152 3268 aquae
1167 3183 1200 3248 in
1215 3185 1336 3247 refluxu
1351 3185 1431 3249 infra

148 3340 263 3393 statum
278 3326 451 3392 naturalem
465 3325 607 3411 proxime
623 3327 681 3391 erit
691 3357 726 3386 =
738 3286 812 3453 ἐξ,
825 3361 867 3374 -
880 3287 1153 3450 s-ffgfssll:
1188 3348 1283 3413 quare
1304 3351 1322 3392 a
1341 3329 1429 3394 fluxu

147 3523 246 3588 usque
275 3500 316 3564 ad
345 3499 585 3584 subsequentem
614 3497 769 3563 refluxum
799 3515 881 3581 aqua
910 3491 1048 3556 subsidet
1080 3513 1138 3577 per
1169 3495 1365 3560 intervallum
1392 3527 1428 3558 ,τι

147 3605 384 3692 aL(p⁹q⁹÷
403 3601 535 3682 P3Q⁵²l

143 3689 532 3768 „ww-...-

189 3817 212 3893 t.
229 3820 280 3876 55.
316 3811 468 3887 Quamvis
493 3825 596 3876 motus
621 3812 716 3875 maria
741 3810 803 3874 hoc
826 3811 922 3875 modo
946 3809 1120 3898 assignatus
1143 3811 1184 3876 ab
1206 3811 1315 3878 inertia
1338 3835 1427 3899 aquae

146 3919 278 3984 multum
299 3923 490 4002 immutetur,
514 3937 619 3988 tamen
642 3921 715 4007 quia
734 3919 866 3984 eandem
886 3917 950 3984 ferd
964 3920 1165 3985 mutationem
1179 3931 1244 3983 tam
1257 3921 1425 4006 majoribus

146 4025 274 4092 aestibus
289 4028 381 4112 quarn
395 4031 568 4095 minoribus
583 4027 685 4105 infert,
706 4029 779 4092 satis
794 4025 862 4091 tutb
877 4047 1032 4091 assumere
1054 4048 1146 4111 posse
1160 4026 1302 4091 videmur
1316 4029 1424 4112 spatia,
1479 4105 1489 4126 .

145 4161 205 4225 per
220 4161 291 4224 quae
306 4163 385 4226 aqua
400 4145 482 4210 circa
495 4142 683 4230 aequinoctia
693 4139 765 4206 clun
780 4153 921 4224 tempore
935 4138 1097 4224 plenilunii
1112 4140 1176 4204 sive
1186 4139 1345 4216 novilunii,
1358 4137 1424 4202 tdm

146 4247 240 4310 etiam
261 4258 401 4331 tempore
415 4249 673 4335 quadraturamm
687 4259 758 4312 actu
774 4245 923 4322 ascendit,
947 4244 1198 4329 expressionibus
1212 4245 1344 4308 inventis
1358 4267 1425 4308 esse

144 4351 398 4437 proportionalia.
443 4353 656 4430 Quamobrem
670 4355 696 4418 si
718 4355 750 4416 in
765 4353 840 4417 dato
858 4353 969 4417 Terrae
984 4352 1055 4416 loeo
1069 4351 1265 4436 expluribus
1279 4352 1424 4416 observa-

144 4458 282 4524 tionibus
310 4457 532 4524 determinetur
557 4461 692 4546 spatium
716 4459 863 4536 medium,
890 4479 947 4542 per
973 4457 1058 4545 quod
1082 4479 1168 4522 mare
1193 4481 1212 4522 a
1237 4459 1358 4522 refluxu
1383 4458 1424 4522 ad

143 4569 265 4632 fluxum
279 4567 430 4646 ascendit,
452 4581 591 4655 tempore
605 4570 874 4657 aequinoctiorum,
897 4581 961 4634 tam
982 4571 1015 4632 in
1029 4568 1206 4654 pleniluniis
1221 4569 1424 4634 noviluniisre

145 4675 238 4762 qudm
260 4677 293 4740 in
315 4675 525 4762 quadraturis,
544 4697 652 4744 eorum
672 4679 753 4744 ratio
774 4679 814 4743 ad
837 4700 906 4742 eam
921 4701 992 4765 quae
1006 4701 1046 4742 ex
1060 4679 1200 4742 formulis
1215 4679 1421 4765 consequitur,

145 4783 286 4868 proxime
308 4785 456 4850 accedam
478 4783 613 4855 debebit.
659 4788 765 4874 Atque
786 4785 860 4851 hinc
874 4807 914 4850 ex
936 4783 1061 4850 definiti
1083 4785 1143 4850 bac
1157 4785 1275 4850 ratione
1296 4807 1353 4871 per
1367 4784 1424 4848 ob·
