3570 5876
152 407 162 442 l

207 475 533 598 turturinum
552 473 795 586 rumorem
819 518 1193 590 Muruururrrcr,
1286 491 1290 503 ’
1459 531 1499 587 ss
1621 565 1622 570 κ

203 703 293 756 ,ῖεηῑο
303 689 479 756 differentis
490 692 529 754 2'.
540 693 602 756 28''
621 691 751 780 siugulis
762 689 882 757 diebus.
909 693 1501 779 Deindeseciendoutpendulumsim·
1533 767 1536 774 ¹
1577 715 1579 718 ·

211 800 287 885 plex
301 800 343 864 ed
358 801 478 864 minuta
487 799 611 887 singule
622 801 759 866 secunde
771 821 830 886 per
845 801 1045 890 horologium
1055 803 1209 888 optimum
1219 815 1399 868 mensurate
1410 803 1500 868 oscil-

211 908 302 985 luret,
324 909 443 972 notavit
463 907 689 996 longitudinem
712 907 843 994 penduli
857 908 1014 993 simplicis,
1031 922 1063 973 et
1077 909 1139 972 hoc
1153 909 1226 974 fecit
1240 911 1353 994 saepius
1369 909 1499 997 siugulis

207 1017 390 1101 septimanis
404 1037 462 1100 per
476 1037 598 1088 menses
613 1015 732 1082 decem.
763 1015 850 1080 Turn
864 1016 898 1078 in
914 1015 1052 1081 Gallium
1066 1013 1169 1079 redux
1183 1016 1315 1079 contulit
1329 1015 1499 1102 longitudi-

208 1107 282 1192 neni
302 1125 395 1210 hujus
416 1125 546 1209 penduli
567 1147 640 1190 cum
660 1124 856 1212 longitudine
877 1124 1007 1210 penduli
1024 1123 1207 1189 Purisiensis
1224 1129 1308 1211 (quae
1323 1139 1390 1190 erat
1404 1125 1498 1189 trium

208 1235 325 1320 pedum
348 1234 582 1312 Parisiensium‚
603 1247 636 1300 et
654 1247 725 1299 octo
748 1234 902 1300 lineorum
925 1257 997 1300 curn
1026 1235 1125 1299 tribus
1146 1235 1262 1322 quintis
1291 1234 1433 1320 pertibus
1461 1235 1499 1299 li-

204 1344 287 1425 neae)
313 1353 346 1408 et
368 1341 485 1428 reperit
509 1341 686 1410 breviorem
709 1363 789 1421 esse,
815 1343 969 1408 existente
992 1341 1167 1408 differentis
1191 1341 1284 1408 linere
1307 1339 1400 1407 unius
1426 1364 1499 1407 cum

206 1449 390 1537 quadrante.

250 1557 366 1624 Postea
389 1557 534 1622 Hulleius
554 1571 662 1624 noster
676 1559 760 1624 circe
773 1580 892 1624 sunum
911 1566 993 1629 1677
1009 1559 1050 1624 sd
1064 1559 1199 1626 ursulam
1215 1563 1341 1626 Sanctae
1362 1556 1500 1624 Helenoe

154 1711 158 1720 ·
204 1669 365 1756 navigans,
387 1671 504 1754 reperit
517 1668 718 1756 horologium
733 1691 825 1734 suum
840 1669 1064 1735 oscilletorium
1079 1672 1122 1734 ibi
1137 1671 1255 1736 tardius
1270 1669 1389 1734 moveri
1404 1666 1499 1756 quim

206 1779 355 1858 Londini,
371 1779 428 1844 sed
443 1779 651 1846 differentiam
671 1801 736 1844 uon
758 1782 889 1846 notavit.
930 1773 1115 1848 'Pendulum
1129 1781 1205 1847 veri)
1220 1783 1346 1848 brevius
1362 1781 1500 1846 reddidit
1556 1799 1559 1806 ’

202 1891 370 1978 plusquam
390 1890 499 1956 octavi
519 1903 611 1976 perte
632 1891 733 1978 digiti,
757 1915 814 1958 seu
835 1891 918 1956 lineri
943 1891 1006 1956 und
1029 1914 1102 1962 cum
1123 1893 1260 1956 semisse.
1309 1891 1353 1956 Et
1376 1893 1417 1956 od
1438 1893 1500 1956 hoo

203 1999 409 2077 efficiendum,
434 1998 507 2065 crim
527 1999 696 2087 longitudo
717 2001 856 2066 cochleae
870 2002 904 2064 in
918 2000 981 2064 imt
996 2014 1086 2085 purte
1100 2001 1231 2088 penduli
1253 2025 1317 2068 non
1332 2003 1496 2080 sufficeret,

207 2106 360 2170 annulum
374 2105 515 2192 ligneum
529 2105 630 2170 thecae
647 2107 785 2170 cochleae
799 2120 831 2172 et
844 2107 977 2191 ponderi
991 2107 1131 2191 pendulo
1145 2108 1340 2193 interposuit.

246 2212 374 2277 Deinde
388 2232 472 2276 uuno
490 2219 582 2278 1682.
597 2213 643 2279 D.
655 2213 755 2277 Verin
770 2224 801 2278 et
815 2214 859 2278 D.
871 2213 927 2277 des
943 2213 1054 2298 Hayes
1068 2215 1256 2280 invenerunt
1269 2216 1496 2304 longitudinem

205 2320 337 2408 penduli
347 2320 477 2409 singulis
491 2321 620 2385 minutis
634 2321 779 2386 secundis
794 2321 962 2386 oscilluntis
977 2320 1011 2384 in
1023 2321 1249 2402 Observatorio
1260 2326 1363 2413 Regio
1380 2327 1495 2392 Parisi-

205 2433 274 2496 ensi
295 2455 362 2497 esse
383 2431 455 2516 ped.
473 2441 503 2496 3.
518 2431 573 2496 lin.
589 2439 639 2520 θῇ.
686 2431 728 2496 Et
741 2431 775 2494 in
792 2429 893 2496 insulsi
910 2431 1018 2496 Goresi
1035 2431 1146 2498 eidem
1160 2434 1311 2500 methodo
1326 2437 1499 2524 longitudi-

201 2563 275 2604 nem
297 2541 427 2626 penduli
450 2539 620 2626 synchroni
634 2541 823 2612 invenerunt
837 2561 905 2604 esse
919 2539 1037 2624 ped.'8.
1054 2540 1109 2606 lin.
1126 2548 1177 2630 θῇ.
1193 2544 1346 2610 existente
1360 2545 1498 2634 longitu-

201 2655 311 2719 dinum
334 2653 508 2718 differentiis
530 2653 585 2718 liu.
609 2661 639 2718 2.
685 2651 729 2717 Et
749 2651 861 2718 eodem
883 2671 967 2714 nuno
988 2651 1030 2716 ed
1050 2651 1178 2738 insulas.
1195 2654 1439 2740 Guadaloupsm
1466 2672 1498 2724 et

202 2765 404 2830 Martinicem
414 2765 607 2853 navigantes,
622 2765 811 2830 invenerunt
823 2761 1053 2850 longitudinem
1065 2763 1198 2848 penduli
1212 2765 1382 2852 synchroni
1398 2769 1431 2833 in
1447 2769 1496 2842 his

199 2877 307 2942 insulis
323 2901 391 2944 esse
405 2877 478 2963 ped.
499 2888 529 2944 8.
544 2878 600 2942 lin.
617 2881 670 2960 64.

245 2991 380 3056 Posthac
402 2990 446 3054 D.
463 2989 600 3074 Couplet
621 2989 705 3054 filius
727 3009 811 3054 enno
836 2993 918 3056 1697
939 3009 1048 3052 mense
1069 2988 1164 3066 Julio,
1188 2987 1387 3078 horologium
1404 3014 1495 3056 suurn

201 3097 422 3162 oscilletorium
437 3096 478 3160 ad
492 3109 614 3163 motum
625 3097 708 3162 Solis
722 3097 862 3160 medium
876 3095 910 3158 in
921 3095 1147 3162 Observatorio
1164 3097 1267 3184 Regio
1284 3100 1450 3165 Parisiensi
1462 3099 1507 3164 sic

200 3207 327 3291 aptavit,
350 3216 386 3268 ut
407 3217 548 3289 tempore
571 3205 644 3270 setis
664 3204 762 3292 longo
784 3204 985 3290 horologium
1006 3226 1078 3268 cum
1093 3217 1183 3269 motu
1199 3207 1281 3280 Solis
1296 3225 1494 3296 congrueret.

200 3317 327 3384 Deinde
351 3317 599 3403 Ulyssipponem
618 3318 769 3404 navigans
791 3316 910 3379 invenit
931 3313 1019 3400 qudd
1037 3334 1147 3380 meuse
1162 3315 1335 3382 Novembri
1349 3321 1496 3402 proximo

198 3425 400 3512 horologium
422 3424 541 3490 tardids
557 3425 616 3490 iret
631 3423 725 3512 qudm
739 3421 837 3508 priris,
861 3423 1014 3486 existente
1030 3421 1204 3508 differendi
1221 3426 1259 3488 2‘.
1278 3430 1345 3490 13⁰.
1360 3427 1392 3490 in
1408 3427 1495 3492 horis

200 3545 252 3600 24.
284 3535 328 3600 Et
338 3557 445 3599 mense
462 3533 582 3600 Martio
596 3545 744 3620 sequente
759 3530 925 3595 Pereibem
939 3530 1090 3617 navigans
1104 3530 1223 3596 inuenit
1237 3533 1280 3596 ibi
1295 3533 1494 3624 horologium

201 3671 292 3713 suum
313 3645 434 3712 tardius
456 3648 502 3710 ire
525 3644 620 3733 quim
637 3631 776 3720 Parisiis,
793 3641 945 3706 existente
960 3639 1135 3707 differentii
1151 3645 1191 3705 4'.
1210 3647 1276 3707 ΙΨ.
1291 3644 1324 3707 in
1340 3644 1426 3710 horis
1442 3653 1494 3710 rt.

204 3755 247 3822 Et
262 3755 396 3820 affirmat
409 3753 584 3840 pendulum
598 3753 640 3818 ad
654 3753 775 3816 minuta
789 3748 925 3814 secunde
939 3749 1224 3816 oscillonshrevius
1238 3751 1333 3816 fuisse
1349 3753 1494 3840 Ulyssip-

200 3866 275 3950 poni
294 3865 384 3930 lineis
407 3865 458 3943 ssl.
474 3873 507 3928 et
523 3861 669 3928 Peraibae
683 3859 774 3924 lineis
790 3856 841 3937 δὲ.
857 3853 953 3945 quim
968 3856 1106 3924 Parisiis.
1146 3859 1179 3945 (¹)
1197 3859 1326 3926 Rectius
1339 3861 1495 3946 posuisset

235 4061 265 4125 (¹)
282 4066 295 4093 ·
309 4062 402 4114 uest·
414 4065 534 4128 mmm.
569 4059 829 4126 Homtogtumurutm
859 4053 1492 4116 Loehcrrsrsrooomessorssrsrsess=sos⁵

203 4123 484 4192 ibutUlysslpponiqudm
492 4125 827 4184 Parisiieexistentedifferert·
860 4161 905 4212 'L
1006 4159 1060 4208 inde
1077 4159 1149 4210 L.-
1162 4127 1433 4192 29507491512885-
1444 4167 1493 4214 439

202 4186 276 4236 uir.
289 4189 337 4236 nt
350 4206 391 4239 seu
410 4189 589 4254 reseransque
603 4191 752 4253 hmologtum
767 4187 829 4236 tuns
860 4199 867 4214 ·
921 4175 948 4210 ⁸⁰
963 4173 1005 4221 ⁹¹⁰
1113 4193 1148 4206 -
1188 4204 1365 4248 orrereroooo
1398 4196 1432 4207 -

204 4250 300 4300 Parisiis
310 4253 433 4302 conficiens
448 4261 480 4304 24
495 4257 545 4303 hor.
556 4256 631 4317 spatio
642 4253 741 4303 86400”.
756 4251 828 4314 Ulyr-
862 4268 1036 4315 13454352335
1182 4301 1189 4314 ο
1238 4301 1245 4314 ,
1271 4301 1278 4314 ⁸

200 4315 293 4378 sipponi
304 4315 644 4368 mundemtuntumeetod'
661 4317 770 4365 -tse‘t
784 4318 829 4392 ¹¹2⁶
860 4286 1213 4395 Μωῧῧθὲῑῑῦ
1224 4311 1320 4352 ΝΟΜ·
1356 4301 1492 4354 Essllulem

200 4380 352 4440 ⁶5⁸6257‘·
389 4381 721 4496 fflssilfflsslmdlll'ssss‘g'
734 4379 830 4430 mm
860 4407 984 4473 longimdo
1004 4407 1101 4469 penduli
1119 4404 1215 4455 Paridi·
1232 4404 1263 4454 sd
1279 4403 1371 4456 minute
1389 4408 1493 4458 reminds

199 4483 447 4534 effluamus·
455 4487 716 4577 «sumum-5.
749 4480 829 4540 ω
861 4510 987 4562 mutans·
1002 4509 1045 4560 uu
1059 4477 1126 4602 {⁹9⁶2
1141 4523 1183 4558 nu
1199 4511 1314 4567 nosse
1331 4507 1368 4558 vu
1385 4517 1434 4562 no
1451 4477 1489 4599 ὲ,

201 4588 220 4636 ri
229 4587 354 4653 longitudo
359 4587 455 4649 penduli
466 4589 496 4636 ad
507 4591 596 4641 minuta
607 4589 710 4640 secund·
721 4587 829 4652 Ulytsip·

201 4653 254 4712 poni
278 4653 405 4702 osciltmus
420 4651 509 4701 dicetur
526 4655 556 4714 L,
573 4655 617 4704 orit
634 4657 702 4720 (Cor.
716 4661 738 4701 4.
755 4653 826 4713 Prop.

203 4754 306 4807 xx1v.
316 4755 371 4805 uu
384 4722 826 4846 11.)(esroo)²2(esr⁶7)2-.=‘l⁹3⁶-⁵-2
861 4748 1098 4828 not-uest
1112 4747 1153 4824 ¹l·
1181 4759 1494 4826 uacuumqueposurm

818 4879 873 4928 ΞΗ

861 4615 931 4684 queri
940 4615 1071 4664 differentis
1078 4613 1235 4678 pendulotum
1245 4611 1340 4660 Parisiis
1348 4624 1372 4661 et
1382 4612 1491 4676 Ulymip.

860 4681 917 4746 poni
938 4683 968 4726 ed
982 4679 1075 4726 minum
1084 4675 1187 4727 secunde
1197 4675 1354 4724 oscillentium
1364 4677 1433 4726 dehet
1443 4695 1493 4726 esse
