3570 5876
350 461 391 527 96
654 443 994 512 PHILOSOPHIAE
1019 439 1295 526 NATUBALIS
1327 439 1646 519 [Demoanassa

353 632 386 698 in
407 629 568 694 minorem.
615 621 659 688 Fit
679 625 826 696 fluxuum
847 619 1024 686 differentia
1038 620 1175 684 maxima
1194 617 1311 682 incidet
1325 616 1364 701 (⁰)
1380 617 1413 678 in
1428 627 1569 700 tempora
1582 613 1647 680 sol-

354 741 526 813 stitiorum5
562 733 738 819 praesertim
763 739 790 796 sl
813 732 916 796 Luuae
939 729 1040 793 nodus
1067 727 1238 792 ascendens
1264 737 1406 790 veremur
1430 725 1465 786 in
1487 723 1646 808 principio

355 853 482 920 Arietis.
529 849 581 913 sic
606 845 796 931 experientis
821 854 1016 927 compertum
1038 853 1095 919 est,
1119 839 1205 926 quod
1225 850 1319 902 oesttts
1339 835 1485 900 matutini
1504 847 1651 918 ternpore

355 967 497 1053 hyberno
512 971 661 1045 superant
674 957 876 1042 vespertinos,
893 969 925 1020 et
938 952 1108 1038 vespertini
1124 964 1266 1035 tempore
1280 949 1389 1013 aestivo
1406 945 1585 1021 matutinos,
1606 943 1649 1008 ed

358 1073 562 1163 Plymuthum
577 1071 703 1156 quidem
718 1068 883 1132 altitudine
897 1066 986 1152 quasi
999 1065 1089 1149 pedis
1104 1063 1207 1139 unius,
1231 1061 1272 1126 ad
1293 1059 1473 1126 Bristoliant
1488 1056 1564 1122 verb
1577 1056 1648 1122 alti.

357 1189 464 1255 tudine
479 1181 657 1271 quindecim
671 1181 862 1267 digitorum:
886 1177 1123 1242 observantibus
1140 1174 1339 1259 Colepressio
1353 1185 1385 1237 et
1401 1171 1550 1238 Sturmio.

401 1299 511 1364 Motus
534 1307 639 1359 autern
660 1291 811 1358 hactenus
826 1291 974 1374 descripti
995 1301 1158 1353 mutantur
1172 1284 1399 1372 aliquantulum
1413 1303 1471 1368 per
1485 1282 1549 1345 vim
1562 1279 1650 1343 illam

357 1406 610 1494 reciprocationis
633 1425 793 1491 equarum,
817 1401 877 1488 qui
900 1401 995 1465 matis
1010 1413 1115 1476 aestus,
1133 1399 1227 1464 etiam
1243 1397 1435 1461 cessantibus
1449 1394 1650 1458 luminarium

360 1521 543 1596 actionibus,
570 1528 677 1602 posset
703 1513 894 1601 aliquamdiu
918 1533 1127 1596 perseverare.
1183 1509 1391 1575 conservatio
1415 1507 1523 1570 haecce
1547 1503 1651 1569 motta

359 1629 501 1716 impressi
521 1626 634 1690 minuit
653 1623 861 1687 differentiam
882 1635 1013 1684 aestuum
1030 1619 1241 1694 alternorum
1265 1629 1297 1682 et
1312 1629 1406 1680 aestus
1421 1613 1565 1700 proxime
1579 1623 1654 1697 post

361 1740 501 1828 syzygias
516 1739 647 1820 majores
663 1733 774 1810 reddit,
792 1753 907 1816 eosque
922 1730 1069 1815 proximi
1084 1743 1157 1814 post
1172 1729 1376 1816 quadraturas
1391 1726 1514 1789 minuit.
1557 1723 1654 1788 Unde

361 1851 397 1914 fit
418 1862 453 1913 ut
474 1861 567 1910 aestus
587 1843 697 1908 alterni
717 1843 758 1906 ed
778 1839 982 1926 Plymuthum
997 1838 1038 1903 ad
1056 1838 1237 1903 Bristoliam
1252 1859 1316 1901 non
1332 1835 1432 1899 multo
1447 1834 1547 1921 magis
1562 1833 1654 1896 diffe-

361 1972 432 2024 rant
455 1959 494 2022 ab
519 1957 652 2019 invicem
673 1953 767 2040 qutitn
789 1951 953 2016 altitudine
971 1949 1061 2034 pedis
1082 1951 1174 2014 unius
1193 1947 1242 2012 vel
1263 1949 1432 2034 digitorum
1454 1945 1654 2031 quindecim3

362 2083 457 2155 utque
477 2082 569 2132 aestus
593 2065 732 2130 omnium
753 2063 884 2126 maximi
907 2061 939 2124 in
961 2061 1072 2125 iisdem
1088 2060 1251 2145 portubus,
1268 2081 1332 2122 non
1349 2059 1411 2122 sint
1424 2058 1517 2142 primi
1532 2081 1550 2120 a
1566 2079 1655 2142 syzy-

362 2181 431 2267 giis,
458 2175 512 2240 sed
538 2174 630 2238 tertii.
677 2171 888 2236 Retardnntur
910 2172 1003 2234 etiem
1028 2185 1134 2234 motus
1154 2191 1263 2234 omnes
1284 2170 1317 2231 in
1338 2168 1469 2232 transitu
1487 2189 1545 2252 per
1564 2167 1654 2242 vade,

363 2285 442 2348 adeo
464 2296 499 2346 ut
521 2293 615 2343 oestas
637 2278 778 2340 omnium
802 2277 941 2350 maximi,
963 2277 996 2338 in
1016 2277 1103 2340 fretis
1124 2275 1312 2362 quibusdam
1326 2287 1359 2339 et
1371 2275 1537 2338 fluviorum
1558 2275 1654 2350 ostiis,

365 2395 403 2478 (Ρ)
420 2391 482 2456 sint
497 2387 598 2474 quarti
613 2385 663 2449 vel
677 2385 772 2448 etiam
789 2385 890 2469 quinti
904 2407 923 2448 a
938 2385 1081 2472 syzygiis.

398 2579 433 2650 (⁰)
446 2591 458 2618 ⁹
472 2591 504 2635 In
513 2595 617 2648 tempora
627 2586 783 2634 nnuman.
813 2583 883 2634 Tunc
894 2581 956 2631 eninr
967 2581 993 2630 in
1025 2583 1104 2647 gendo
1113 2583 1170 2634 vsrd
1185 2583 1216 2632 de
1230 2584 1269 2632 bis
1283 2583 1399 2632 litton'bus
1409 2597 1451 2646 per
1461 2583 1542 2632 oceani
1553 2581 1658 2630 latitudi-

365 2648 994 2761 tt‘tltntttqtltlt't‘lnttt‘::trit
1027 2644 1659 2763 tbtttltt'ttttfluttt'iti

365 2777 496 2838 augebitur,
509 2745 527 2822 si
542 2728 618 2822 Lilia
629 2775 705 2821 nodus
715 2775 841 2821 ascendens
852 2786 955 2822 temtus
971 2774 997 2820 in
1028 2775 1135 2824 lunarem
1153 2787 1259 2850 quartam
1277 2777 1314 2824 rel
1332 2776 1453 2836 quintam
1470 2773 1555 2824 deindd
1571 2773 1602 2822 ad
1620 2789 1658 2820 oe-

366 2839 480 2907 principio
493 2838 594 2898 Arietis3
607 2854 661 2885 nam
673 2837 924 2898 praterdeclinationis
937 2837 997 2886 Solis
1030 2839 1090 2886 tiurn
1110 2839 1173 2886 lluvti
1194 2841 1342 2886 Amazonum
1359 2838 1418 2886 horti
1434 2837 1506 2894 estid,
1526 2837 1556 2886 ad
1573 2837 1661 2884 insulas

366 2905 500 2962 maximam,
519 2903 589 2950 Luna
602 2917 695 2964 quoque
708 2899 756 2948 Soli
768 2901 997 2965 conjunctaquanti-
1030 2900 1085 2950 verb
1101 2903 1232 2950 ad‘acentes
1248 2902 1305 2950 hori
1321 2901 1410 2966 quarti,
1428 2901 1508 2964 posted
1526 2900 1556 2949 ad
1573 2901 1661 2948 insulas

368 2977 415 3015 tate
431 2965 560 3014 latitudinis
577 2965 685 3014 maxima
696 2965 721 3011 in
732 2968 824 3012 boream
836 2974 877 3012 aut
891 2976 997 3013 austrum
1033 2967 1121 3014 Bermu
1179 2967 1236 3015 bord
1252 2965 1350 3027 septimi
1364 2976 1388 3013 et
1405 2967 1435 3014 od
1452 2965 1553 3014 Florida
1567 2975 1660 3026 portum

368 3032 442 3092 magis
458 3031 565 3078 declinat.
600 3029 666 3077 Hittc
682 3028 709 3075 lit
723 3027 809 3076 linctus
822 3029 921 3076 borealis
933 3030 999 3076 nobis
1034 3031 1058 3078 S.
1075 3031 1202 3092 Augustini
1213 3031 1270 3079 bord
1282 3031 1320 3094 η.
1346 3031 1448 3079 Tardius
1459 3031 1530 3091 igitur
1541 3028 1660 3092 progredi-

368 3095 521 3142 riciuissimus
537 3104 561 3140 et
576 3093 661 3141 fluctus
672 3093 778 3140 australis
789 3093 957 3142 remotissimus
972 3093 998 3140 in
1031 3105 1070 3143 tur
1081 3108 1151 3142 tostus
1162 3111 1203 3156 per
1218 3111 1332 3143 oceanum
1348 3092 1421 3158 quim
1433 3110 1476 3156 pro
1486 3095 1575 3145 ratione
1585 3091 1662 3140 tuotds

369 3159 451 3210 eidem
462 3158 607 3206 revolutione
617 3156 708 3206 diumd.
1032 3159 1125 3217 Lunte;
1143 3169 1167 3206 st
1182 3161 1349 3219 pernecessaria
1363 3167 1397 3206 est
1413 3159 1490 3206 baeoce
1501 3158 1623 3206 retardatio
1634 3167 1661 3203 ut

401 3223 436 3288 (Ρ)
450 3227 462 3253 '
477 3225 527 3271 Sint
540 3224 618 3284 quarti
629 3225 663 3269 oet
673 3225 741 3268 etiam
753 3224 836 3284 quinti.
874 3221 904 3270 1n
919 3223 997 3282 Opus-
1030 3223 1187 3270 mareeodem
1196 3233 1300 3283 tempora
1308 3221 1499 3272 descendatinter
1509 3223 1662 3270 Brasiliames

369 3289 423 3336 culo
444 3287 474 3333 de
493 3286 580 3333 Mundi
602 3287 730 3346 Systemate
749 3285 855 3347 quadarn
873 3293 1000 3334 occurrunt
1033 3286 1126 3334 Norant
1146 3285 1274 3340 Franciam.
1293 3287 1447 3350 ascendatque
1459 3286 1488 3334 ad
1504 3285 1592 3332 insulas
1605 3283 1662 3330 For·

369 3351 538 3399 observationes
548 3349 716 3412 quaeadbunc
727 3349 805 3396 locum
819 3350 943 3410 pertinent,
961 3365 1000 3396 eas
1031 3359 1123 3398 tunatns
1144 3361 1169 3398 et
1190 3351 1268 3398 littora
1293 3351 1393 3412 nempe
1415 3361 1438 3398 et
1459 3349 1545 3396 Abiere
1560 3359 1584 3394 et
1599 3348 1660 3394 vice·

370 3415 448 3476 itaque
463 3413 625 3460 exscribamus.
663 3413 724 3460 Fieri
741 3413 810 3460 etiarn
826 3423 907 3473 potest,
924 3413 1001 3476 inquit
1031 3412 1104 3460 versi.
1140 3414 1248 3476 Namque
1265 3429 1328 3462 mare
1344 3414 1467 3462 accudere
1478 3413 1557 3475 nequit
1573 3412 1597 3458 in
1613 3425 1663 3458 uno

371 3489 445 3532 autor,
457 3487 484 3524 ut
495 3485 565 3524 estus
575 3476 681 3524 omnium
693 3477 809 3524 maximus
819 3479 848 3523 sit
859 3489 954 3540 quartus
964 3477 1001 3526 vel
1032 3477 1152 3540 locoquin
1163 3477 1233 3524 simul
1243 3477 1368 3526 descendat
1382 3480 1407 3524 itt
1418 3479 1496 3526 altero.
1534 3476 1598 3537 Lege
1612 3475 1662 3536 jam

371 3539 648 3602 quintusasysygiiavel
665 3541 752 3587 tardius
767 3540 881 3598 adveniet,
898 3539 927 3588 ed
954 3541 1001 3590 uod
1032 3541 1146 3601 descripti
1161 3542 1242 3605 agitari
1253 3551 1421 3604 quoque'marc
1441 3541 1567 3588 Paciflcum
1583 3539 1664 3585 verisi-

371 3605 517 3651 retardantur
534 3615 611 3651 motus
626 3604 726 3650 marium
743 3606 768 3652 in
785 3605 884 3651 transitu
898 3557 1001 3665 perintra
1032 3603 1087 3652 mile
1106 3615 1147 3652 est.
1194 3606 1304 3668 Namque
1323 3615 1393 3654 astus
1414 3605 1516 3652 altissimi
1538 3603 1563 3648 in
1586 3603 1664 3649 littore

373 3668 456 3714 vadosa
474 3667 503 3713 ud
523 3667 606 3716 littora.
644 3668 681 3713 Sic
699 3667 762 3716 enim
780 3677 849 3714 aestus
868 3669 957 3716 aceedit
972 3669 1003 3716 ad
1037 3667 1149 3717 Chiliensi
1165 3679 1189 3717 et
1207 3669 1338 3718 Peruviano
1349 3667 1570 3718 itteidssedicontur
1581 3665 1605 3713 in
1621 3668 1663 3714 ho-

372 3731 438 3780 littus
455 3731 597 3778 occidentale
620 3731 742 3778 Hibernia
759 3729 818 3778 hori
834 3731 901 3778 tertii
916 3730 1000 3792 lunari,
1034 3747 1085 3780 ram
1100 3733 1191 3782 tertiam
1208 3733 1321 3790 lunarem,
1334 3734 1373 3781 sed
1384 3731 1430 3795 qui
1445 3730 1565 3778 velocitate
1580 3745 1663 3792 propa-

373 3805 459 3855 etpost
475 3797 556 3842 horam
573 3810 644 3840 unam
656 3803 680 3842 et
689 3793 785 3842 alteram
796 3795 825 3842 ad
837 3807 917 3856 portus
928 3797 952 3842 in
964 3796 1001 3844 lit·
1034 3807 1122 3860 gantur
1132 3797 1187 3844 inde
1198 3797 1228 3846 ad
1239 3798 1304 3845 littus
1314 3797 1424 3846 orientale
1435 3795 1542 3856 Japoniar
1552 3805 1577 3841 et
1587 3793 1617 3842 ad
1628 3795 1665 3840 in-

373 3867 423 3904 tnre
445 3859 539 3905 australi
561 3857 665 3918 ejusdem
687 3857 769 3905 insulse
786 3869 813 3905 ut
829 3869 853 3906 et
870 3858 900 3905 ad
916 3859 1004 3908 insulas
1036 3859 1099 3907 sulas
1112 3861 1258 3922 Philippicas
1268 3871 1407 3924 canatque
1417 3873 1490 3923 regno
1503 3859 1614 3907 Sinarum
1624 3857 1665 3906 ad-

377 3921 527 3970 Cnssiterides
537 3921 609 3982 vulgd
621 3920 713 3984 Sorling
725 3922 804 3970 dictas.
842 3921 904 3970 Dein
914 3939 1004 3972 succes-
1033 3923 1136 3986 jacentes
1148 3925 1253 3972 nondum
1265 3925 1344 3986 reperi.

375 3984 423 4033 sive
439 3986 469 4033 ad
489 3985 648 4040 Palmuthurn,
660 3983 824 4048 Plymuthum,
845 3985 1004 4036 Portlandiarn
1071 3993 1123 4036 108.
1144 3989 1175 4036 In
1192 3988 1262 4036 alveis
1281 3989 1405 4036 fluminum
1423 3983 1511 4050 pendet
1525 3985 1629 4052 inlluaup
1642 3995 1665 4033 st

376 4048 485 4105 insulam,
499 4048 604 4110 Vectem,
617 4049 805 4107 Wincuelseiam,
822 4051 955 4106 Doveriom,
967 4067 1004 4098 os·
1036 4051 1139 4099 relluaus
1157 4069 1172 4100 a
1191 4052 1315 4101 fluminum
1334 4067 1411 4101 cursu.
1449 4053 1513 4100 Nam
1528 4067 1611 4098 curam
1626 4049 1666 4097 ille

376 4113 436 4161 tium
457 4113 563 4162 Tamesis
581 4121 605 4159 et
624 4109 723 4159 Pontem
744 4113 925 4170 Londinensem‚
948 4131 1004 4163 con-
1036 4115 1092 4163 tacit
1102 4131 1186 4180 aquam
1197 4115 1286 4164 tardids
1297 4115 1393 4164 influere
1404 4132 1433 4164 ea
1445 4117 1511 4173 mari,
1528 4127 1552 4163 et
1567 4115 1592 4162 in
1603 4129 1666 4161 mare

377 4178 475 4238 sumptis
491 4176 553 4223 horis
567 4175 692 4223 duodecim
705 4177 729 4224 in
745 4179 788 4225 ltoc
799 4177 887 4224 itinere.
924 4177 1005 4242 Sedet
1037 4179 1139 4226 citiuset
1156 4180 1256 4228 velocius
1273 4180 1369 4228 refluere
1380 4179 1450 4244 atque
1461 4177 1521 4228 adab
1532 4180 1620 4226 diutius
1630 4193 1666 4224 re·

378 4241 458 4288 oceani
469 4241 541 4301 ipsius
556 4241 625 4288 alveis
636 4239 699 4287 haud
710 4241 764 4288 antia
775 4241 897 4302 profundis
908 4241 1005 4304 impedi·
1037 4242 1110 4290 liuere
1126 4241 1197 4306 qudrn
1213 4243 1318 4300 induere,
1335 4246 1463 4306 praesertim
1473 4245 1493 4291 si
1505 4243 1574 4308 longi
1585 4241 1609 4288 in
1620 4241 1667 4290 llu-

377 4311 417 4351 tur
436 4315 535 4352 aestuum
552 4305 694 4368 propagatio,
714 4305 796 4352 incidit
812 4305 875 4352 enim
891 4315 961 4354 aestua
976 4306 1007 4356 ad
1038 4321 1093 4354 nten
1104 4306 1236 4356 ascenditur
1246 4310 1286 4357 ubi
1297 4309 1374 4356 minor
1384 4319 1420 4357 ast
1430 4309 1464 4356 ris
1474 4307 1551 4356 maria
1587 4306 1625 4352 Sit
1641 4305 1666 4352 in

378 4365 466 4414 insulas
486 4367 626 4428 Fortunatas
645 4379 668 4416 et
685 4367 715 4416 ad
732 4369 885 4418 occidentalia
902 4369 1008 4434 marique
1039 4368 1112 4418 fluxio
1126 4372 1216 4418 Avonte
1232 4371 1263 4420 ad
1279 4373 1375 4420 tertium
1389 4373 1491 4435 lapidem
1507 4369 1567 4419 turra
1579 4369 1668 4418 Bristo-

382 4431 501 4478 Atlantico
525 4433 627 4492 exposita
653 4431 731 4480 littora
759 4433 889 4488 Hibernia,
914 4433 1005 4491 Gallie,
1038 4431 1095 4480 liam
1105 4435 1175 4482 refert
1188 4433 1668 4501 Sturmiusaquantbotisqninisinlluers,

382 4493 535 4556 ldiapaniteet
545 4497 631 4544 Africis
642 4498 713 4544 totius
721 4511 795 4559 usque
805 4496 835 4544 ad
845 4498 924 4557 Caput
934 4495 1008 4544 Bona
1040 4498 1140 4558 septenis
1150 4497 1248 4546 refluere
1258 4499 1328 4562 stupri
1340 4501 1484 4558 Brittoliam,
1501 4511 1528 4546 ut
1538 4499 1568 4546 ad
1582 4499 1670 4546 Canes·

382 4557 436 4618 Spei
447 4558 472 4604 itt
482 4560 563 4605 horam
575 4559 666 4608 tertiam
682 4560 796 4617 lunarem,
814 4573 970 4628 praeterquam,
983 4561 1008 4606 in
1040 4561 1094 4606 bam
1105 4561 1142 4608 vel
1155 4563 1296 4610 Batboniam
1307 4565 1438 4613 differentia
1448 4564 1529 4626 procul
1541 4563 1671 4610 dubioma·

381 4621 438 4670 locis
453 4623 574 4670 nonnullis
584 4623 674 4672 vadosis
684 4625 724 4672 ubi
741 4633 811 4672 aestus
827 4624 951 4684 impeditus
961 4633 1007 4670 tar-
1037 4623 1076 4685 jor
1086 4634 1127 4672 eat.
1164 4625 1256 4674 Pendet
1270 4627 1569 4676 etiamhacdifferentian
1581 4626 1673 4690 magni·

382 4683 437 4732 ditis
447 4683 547 4742 advenit,
560 4687 630 4750 ioque
641 4689 700 4736 freto
710 4685 828 4736 Gaditano
836 4685 900 4748 quod
907 4696 974 4732 moto
982 4701 1011 4732 ea
1044 4687 1126 4735 tudine
1137 4687 1215 4736 lluads
1226 4701 1250 4738 et
1261 4689 1369 4740 refluads.
1407 4691 1469 4739 Nam
1485 4707 1557 4752 prope
1572 4691 1675 4738 lumina·

382 4749 441 4797 mari
454 4748 626 4799 Mediterraneo
637 4761 764 4816 propagato
771 4751 840 4798 citius
851 4758 948 4810 marat,
959 4765 1011 4811 par·
1039 4751 1107 4811 ⁴riurn
1118 4754 1230 4818 syzygias,
1247 4757 1405 4806 veliementior
1415 4757 1485 4804 maria
1495 4765 1574 4806 snottra
1583 4753 1677 4803 facilius
