3516 5870
388 519 450 576 286
619 509 886 587 INQUISITIO
910 511 1113 577 PHYSICA
1136 509 1187 576 IN
1211 509 1405 580 CAUSAM

386 685 453 750 edm
468 672 638 750 minimarh.
685 685 829 751 Tertium
844 687 977 772 denique
998 709 1098 774 genus
1113 686 1363 750 observationum
1378 687 1418 749 sd
1432 687 1533 772 ipsum
1547 705 1678 758 motum

385 799 480 860 maris
506 798 700 880 reciprocum
726 807 852 881 spectat,
879 797 978 882 iisque
1001 795 1223 860 determinatur
1246 795 1361 881 quanti
1382 797 1536 861 celeritate
1556 802 1677 884 quovis

376 903 533 986 ,temporis
558 915 717 966 momento
740 903 859 966 alterna
882 904 976 967 maris
1002 903 1132 967 elevatio
1156 926 1193 966 ac
1215 903 1374 987 depressio
1396 905 1583 983 absolvatur,
1604 909 1676 972 sive

384 1024 602 1075 momentanea
621 1011 762 1087 mutatio,
785 1011 860 1074 dum
883 1033 969 1074 mare
991 1011 1114 1074 alluxu
1129 1011 1169 1073 ad
1184 1011 1338 1074 refluxum
1353 1012 1464 1074 trmrsit
1477 1024 1509 1075 et
1522 1013 1670 1092 vicissim,
1754 1025 1755 1030 ’

383 1120 594 1208 investigatur.
640 1121 765 1196 Quibus
791 1121 890 1184 tribus
915 1120 1008 1184 rebus
1034 1118 1105 1184 crim
1127 1119 1356 1184 observationes
1378 1120 1668 1186 convenientissime

382 1227 592 1304 instituantur,
609 1226 720 1291 iisdem
734 1227 855 1292 theoria
870 1240 962 1314 atqrm
977 1227 1141 1311 explicatio
1160 1227 1438 1311 phaemmenorum
1452 1229 1666 1294 commodissi-

292 1317 293 1331 .
382 1335 433 1398 md
455 1335 645 1398 tractabitur.
691 1335 741 1398 Ac
762 1335 873 1418 primas
894 1334 1018 1419 quidem
1037 1345 1067 1396 et
1082 1334 1182 1396 tertiae
1195 1333 1277 1418 parti
1298 1353 1357 1418 pro
1371 1336 1475 1397 nostri
1499 1334 1665 1420 hypothesi

381 1445 412 1508 in
427 1445 676 1528 praecedentibus
693 1443 855 1528 Capitibus
871 1442 995 1508 abunde
1009 1441 1198 1506 satisfactum
1212 1441 1344 1505 videtin.

423 1557 447 1634 y.
471 1561 521 1616 58.
553 1523 712 1626 Quoniam
736 1563 839 1614 autern
864 1573 884 1612 a
907 1550 1001 1612 maris
1027 1549 1135 1611 inertia
1158 1547 1286 1633 aliisque
1308 1548 1546 1612 circumstantiis
1568 1556 1662 1616 maris

380 1671 500 1722 motum
515 1657 711 1720 turbantibus
726 1679 834 1719 omnes
849 1655 1050 1742 cogitationes
1065 1653 1167 1718 adhuc
1178 1653 1393 1731 abstrahimus,
1409 1655 1605 1721 manifestum
1616 1675 1663 1723 est

378 1764 494 1850 ubique
515 1763 695 1839 Terrarum,
712 1763 736 1824 si
751 1763 817 1826 sola
839 1762 940 1825 Lunoe
956 1762 1000 1825 vis
1015 1783 1100 1824 mare
1116 1761 1254 1846 agitaret,
1271 1781 1382 1844 aquam
1397 1760 1533 1823 maxime
1549 1763 1662 1828 elevari

378 1871 493 1934 debere
515 1868 587 1934 crim
609 1869 701 1936 Luna
716 1869 756 1933 ab
770 1869 930 1932 horizonte
944 1867 1121 1955 longissimi
1137 1865 1229 1930 fuerit
1243 1879 1371 1942 remota,
1387 1865 1447 1929 hoc
1462 1880 1509 1931 est
1527 1869 1564 1931 iis
1586 1871 1658 1956 ipsis

378 1977 543 2040 momentis
566 1976 677 2062 quihus
701 1976 794 2040 Luna
815 1997 871 2059 per
892 1974 1097 2038 meridianum
1112 1973 1176 2035 dati
1198 1971 1258 2034 loci
1281 1984 1344 2034 tam
1359 1993 1453 2054 supra
1466 1969 1559 2056 quaim
1580 1975 1661 2040 infra

379 2083 512 2146 Terram
526 2084 655 2146 transit:
679 2095 752 2146 sunt
772 2083 855 2147 enirn
878 2081 1062 2146 elevationes
1078 2101 1167 2166 aquae
1182 2079 1213 2140 in
1229 2075 1385 2161 duplicati
1401 2078 1520 2140 ratione
1534 2080 1658 2145 sinumn

377 2191 594 2256 distantiarum
618 2192 721 2256 Lume
736 2193 775 2256 ab
795 2191 966 2269 horizonte,
989 2213 1030 2255 ex
1045 2213 1108 2276 quo
1123 2191 1211 2257 simul
1229 2195 1401 2256 successiva
1414 2194 1508 2258 maris
1522 2215 1659 2258 commo-

376 2301 420 2365 tio
444 2301 652 2388 cognoscitur.
698 2300 908 2384 Excipiuntur
930 2312 1034 2364 autem
1055 2301 1139 2377 hinc,
1163 2315 1198 2366 ut
1215 2303 1281 2386 jam
1295 2306 1479 2380 notavimus,
1495 2305 1563 2367 loca
1578 2303 1658 2386 polis

377 2405 487 2471 Terrae
509 2409 662 2492 proximo,
687 2406 799 2492 quibus
822 2407 916 2470 Luna
934 2407 986 2492 vel
1006 2429 1071 2470 non
1092 2409 1191 2472 oritur
1205 2409 1255 2472 vel
1276 2431 1340 2472 non
1355 2410 1487 2486 occidit;
1510 2410 1553 2473 ihi
1575 2410 1657 2473 enim

374 2514 473 2578 alter'o
490 2517 591 2580 Lunae
606 2516 647 2580 ad
662 2515 868 2582 meridianum
883 2515 1016 2599 appulsu
1031 2537 1112 2600 aqua
1126 2515 1220 2580 debet
1234 2540 1301 2580 esse
1316 2539 1445 2594 summa,
1468 2516 1566 2580 altero
1585 2517 1656 2579 ima.

375 2624 494 2688 Verdm
511 2627 550 2690 de
565 2626 613 2690 his
628 2627 705 2690 locis
720 2649 784 2690 non
800 2625 968 2690 admodum
983 2628 1097 2689 erimus
1112 2629 1253 2704 solliciti;
1270 2629 1341 2693 clun
1353 2644 1416 2694 tam
1428 2630 1656 2694 observationes

373 2729 568 2807 sufficientes,
583 2733 698 2816 quibus
714 2731 833 2798 theoria
847 2732 1007 2815 probetur,
1023 2733 1179 2811 deficiant,
1196 2733 1289 2820 quim
1304 2737 1370 2820 ipse
1384 2737 1478 2800 maris
1492 2747 1594 2798 motus
1609 2733 1656 2796 in-

373 2833 493 2898 dicatus
507 2838 620 2899 rationi
634 2839 674 2900 sit
688 2851 922 2915 consentaneus,
938 2861 1040 2924 neque
1055 2840 1289 2905 confirmatione
1304 2843 1451 2928 indigeat.
1491 2841 1529 2904 In
1544 2839 1655 2902 Terroe
1754 2837 1755 2844 '

372 2937 448 3004 locis
473 2963 549 3026 ergo
574 2962 594 3002 a
618 2941 699 3024 polis
718 2945 792 3006 satis
814 2943 940 3006 remotis
961 2965 1016 3006 sen
1038 2957 1127 3008 extra
1147 2947 1279 3011 circulos
1300 2949 1422 3032 polares
1444 2949 1521 3024 sitis,
1540 2945 1654 3030 quibus

373 3045 466 3110 Luna
480 3045 642 3111 intervallo
664 3055 705 3112 24
727 3047 759 3111 h.
775 3049 836 3112 48'.
852 3063 916 3112 tam
938 3050 1037 3115 oritur
1051 3051 1143 3136 qusim
1158 3054 1234 3132 obit,
1258 3055 1428 3119 elevabitur
1443 3077 1528 3118 mare
1543 3054 1654 3118 eodem

371 3155 520 3240 temporis
543 3155 706 3220 intervallo
732 3157 789 3233 bis,
816 3159 968 3244 totiesque
992 3159 1202 3244 deprimetur;
1239 3175 1331 3248 atque
1361 3177 1491 3248 utraque
1519 3161 1654 3225 maxima

328 3327 332 3336 ,
370 3259 465 3324 uraris
487 3260 618 3324 altitudo
640 3263 809 3349 continget,
832 3263 905 3327 crim
927 3263 1020 3329 Luna
1035 3265 1073 3328 od
1090 3267 1297 3332 meridianum
1318 3269 1400 3332 illius
1422 3269 1482 3331 loci
1501 3269 1650 3352 pervenit,

370 3369 500 3432 minima
513 3368 588 3432 verti
604 3367 676 3433 crim
692 3369 786 3433 Luna
799 3369 990 3434 horizontem
1007 3373 1137 3459 attingit.
1185 3373 1273 3436 Hinc
1287 3374 1382 3460 igitur
1397 3375 1545 3458 temporis
1560 3375 1652 3436 inter-

370 3473 486 3537 vallum
508 3477 589 3540 inter
610 3475 700 3540 binos
716 3497 805 3562 aquae
819 3477 924 3542 fluxus
936 3500 994 3542 seu
1010 3501 1145 3542 summas
1161 3479 1349 3544 elevationes
1371 3482 1563 3565 interjectum
1579 3501 1653 3542 con-

371 3593 487 3644 stanter
501 3583 560 3645 erit
585 3591 623 3645 12
643 3583 675 3645 h.
692 3585 753 3646 24‘.
769 3584 808 3646 ab
831 3584 991 3648 anomaliis
1015 3585 1116 3649 Lunae
1131 3599 1267 3649 mentem
1281 3586 1489 3650 abstrahendo
1498 3609 1507 3661 ;
1529 3597 1561 3648 at
1576 3597 1653 3648 tern-

369 3713 428 3778 pus
443 3713 572 3754 summae
587 3690 804 3775 depressionis,
828 3691 900 3757 crim
915 3693 1101 3778 respondeat
1115 3695 1258 3778 appulsui
1279 3695 1381 3758 Lunae
1396 3694 1436 3757 ad
1450 3694 1652 3768 horizontem,

370 3805 449 3868 inter
470 3804 560 3866 binas
583 3803 768 3866 elevationes
790 3805 950 3889 aequaliter
964 3825 1028 3868 non
1044 3805 1244 3888 interjacebit,
1262 3803 1317 3868 sed
1331 3804 1420 3868 alteri
1436 3799 1598 3866 elevationi
1613 3796 1652 3860 ed

370 3914 428 3977 erit
450 3912 588 3997 propids,
612 3912 674 4000 qud
689 3915 789 3998 major
803 3913 896 3976 fuerit
910 3911 982 3976 crim
1003 3913 1062 3976 loci
1077 3914 1228 3996 propositi
1243 3913 1373 3977 elevatio
1387 3912 1453 3997 poli
1468 3923 1533 3974 tum
1550 3907 1648 3970 Lunae

370 4022 544 4099 declinatio,
561 4022 621 4085 hoc
637 4035 683 4086 est
696 4022 760 4110 qud
774 4025 872 4108 majus
887 4021 979 4088 suerit
990 4022 1154 4088 discrimen
1170 4027 1250 4090 iuter
1260 4037 1364 4089 ortum
1375 4024 1533 4088 obitumve
1549 4021 1646 4085 Lunae

369 4124 401 4197 et
416 4129 567 4195 circulum
582 4129 742 4195 horarium
757 4143 888 4194 sextum.

413 4243 437 4320 t.
454 4247 504 4302 59.
529 4236 590 4302 Sed
614 4240 838 4324 conjungamus
854 4261 926 4302 cum
942 4238 1034 4303 Lunai
1057 4241 1119 4304 vim
1144 4240 1237 4316 Solis,
1261 4251 1296 4302 ut
1310 4251 1426 4304 nostrae
1441 4235 1651 4302 conclusiones

369 4349 468 4435 magis
490 4347 536 4410 ad
554 4347 783 4411 observationes
803 4347 1024 4431 perducantur.
1071 4351 1119 4412 Ac
1137 4347 1381 4433 primoquidem
1396 4346 1593 4410 manifestum
1607 4351 1652 4404 at

369 4455 509 4536 tempore
535 4466 598 4516 tam
621 4453 773 4516 novilunii
800 4453 892 4539 quim
918 4455 1080 4540 plenilunii
1104 4465 1218 4539 aquam
1241 4453 1377 4518 maxime
1402 4452 1469 4516 lore
1492 4451 1651 4523 elevatam,

370 4563 496 4646 quando
519 4563 611 4627 Luna
631 4585 689 4647 per
710 4561 916 4626 meridianum
938 4564 998 4628 loci
1020 4565 1137 4640 transit,
1161 4565 1278 4649 quippe
1299 4586 1362 4650 quo
1382 4575 1542 4625 momento
1561 4559 1655 4623 etium

371 4667 426 4732 Sol
448 4669 487 4731 ad
510 4671 643 4734 eundem
665 4671 870 4734 meridianum
887 4672 1024 4756 appellit,
1048 4673 1074 4734 si
1096 4671 1221 4757 quidem
1237 4673 1362 4758 syzygia
1377 4672 1446 4754 ipso
1461 4669 1592 4732 meridie
1607 4665 1657 4730 vel

369 4773 471 4838 medii
493 4788 584 4839 nocte
606 4775 791 4842 celebratur.
842 4777 1056 4852 Quamobrem
1082 4778 1108 4840 si
1133 4779 1326 4842 novilunium
1350 4776 1598 4861 pleniluniumve
1623 4775 1659 4836 in
