3520 5884
150 515 230 582 Car.
246 513 328 598 111.]
531 516 598 582 AD
620 517 843 586 TERTIUM
867 519 1065 592 LIBRUM.
1333 525 1435 590 xxxiir

13 757 19 766 ,
146 689 288 774 trajicere
308 688 368 754 risi
382 681 463 754 armti
511 687 608 756 Unde
629 705 740 758 notrun
761 695 881 758 lactan
899 705 947 758 eat
976 695 1122 761 Planetas
1136 695 1206 760 illos
1219 717 1288 762 esse
1301 717 1435 781 corpora

145 819 247 883 opaca
271 823 292 864 a
317 799 390 864 Sole
415 797 576 864 illustrato.
622 802 662 866 In
684 803 773 880 Jove,
798 803 906 868 Marte
920 825 957 867 ac
971 803 1097 868 Venere
1110 805 1242 869 maculae
1261 805 1435 870 observatu.²

145 904 274 970 fuerunt
282 927 415 992 quarum
422 908 725 973 motusrotationem
737 909 862 974 illorum
872 909 1069 994 planetarum
1079 909 1335 996 cuatpmprium
1343 933 1435 978 axem

146 1014 268 1098 probat.
321 1012 416 1078 ciret
429 1003 543 1078 Jovenr'
556 1029 691 1102 quatuor
705 1019 825 1082 revolvi
838 1018 984 1084 videntur
998 1018 1116 1082 lunrrlae
1130 1019 1219 1084 Jovis
1234 1041 1348 1104 corpus
1361 1041 1435 1105 per·

146 1121 242 1208 petala
263 1121 455 1186 conitentes.
501 1113 583 1188 Sunt
603 1145 712 1189 omnes
733 1137 770 1190 ut
791 1127 968 1210 etJupiter
981 1127 1049 1210 ipse
1069 1147 1200 1212 corpora
1215 1149 1314 1212 opaea
1327 1129 1434 1192 lumen

145 1246 240 1298 santur
248 1251 273 1292 a
282 1227 355 1297 Sole
365 1229 558 1304 mutuanda3
572 1249 647 1294 nam
656 1229 736 1296 Jove
750 1232 831 1296 inter
845 1231 928 1316 ipsas
939 1245 971 1296 et
982 1231 1089 1297 Solem
1102 1233 1325 1300 diamemliter
1338 1234 1435 1296 iuter-

147 1342 263 1422 posim¹
289 1337 408 1401 lumine
426 1330 598 1423 'prirentur
623 1351 654 1404 at
680 1341 757 1404 caelo
782 1363 892 1406 sereno
917 1352 1124 1434 epanescuut3
1153 1341 1208 1406 ubi
1230 1339 1306 1405 verb
1331 1341 1435 1427 aliqua

100 1495 102 1499 -
146 1444 276 1510 Jovialis
297 1445 425 1522 {amula
445 1445 528 1510 inter
551 1445 657 1511 Solem
672 1459 704 1511 et
718 1447 831 1511 Josem
844 1449 965 1523 uarat,
982 1449 1048 1532 ejus
1063 1444 1176 1512 umbra
1190 1449 1288 1512 instar
1301 1448 1435 1512 nraculae

146 1553 247 1639 nigrae
271 1574 309 1616 ac
332 1551 478 1616 rotundae
500 1543 686 1616 observatu
713 1553 747 1616 in
776 1554 845 1637 ipso
869 1553 966 1642 Joris
981 1553 1079 1617 disco.
1139 1553 1289 1640 Quinque
1316 1549 1453 1639 pariter

147 1659 286 1724 Lnnuloe
302 1659 472 1724 Saturnrnn
487 1659 675 1722 comitantur
689 1671 721 1724 et
735 1658 820 1722 circd
833 1681 907 1723 enm
920 1659 1129 1724 revolutiones
1144 1683 1214 1724 arras
1230 1674 1328 1748 agunt
1341 1661 1434 1726 lumi-

141 1789 252 1854 ·neque
270 1768 435 1852 privantur
456 1765 533 1830 dum
557 1765 638 1830 radii
654 1765 778 1831 Solares
794 1789 813 1830 a
829 1767 956 1830 Saturni
971 1787 1102 1850 corpore
1116 1788 1216 1852 opaco
1230 1768 1433 1853 intercipiun-

147 1887 208 1940 tur.
251 1873 420 1961 Hugenirrs
431 1893 473 1938 ex
485 1873 622 1958 propriis
633 1875 902 1939 observationibus
916 1875 1021 1939 intulit
1033 1876 1206 1945 Saturnurn
1220 1877 1304 1963 cingi
1317 1876 1434 1942 annulo

146 1982 244 2059 tenui,
265 1982 372 2067 plano,
394 2003 549 2066 nusquam
569 1981 745 2048 cohaerente
767 2005 839 2048 cum
860 2005 992 2068 corpore
1005 1984 1133 2048 Saturni
1146 1996 1179 2048 et
1192 1983 1235 2048 ad
1249 1985 1435 2071 Eclipticaur

147 2091 318 2168 inclinet03
341 2111 412 2178 qrrae
437 2090 630 2176 hypothesis,
654 2093 680 2155 si
693 2089 739 2155 itt
752 2113 836 2155 nunc
850 2103 953 2176 potest
967 2091 1127 2176 appellari,
1143 2113 1210 2156 non
1224 2073 1326 2160 solrim
1341 2097 1435 2162 Phae-

145 2197 290 2261 nomenis
310 2195 351 2258 ab
373 2194 527 2282 Hagenio
547 2195 728 2273 observatis,
749 2195 806 2260 sed
827 2208 859 2260 et
880 2195 949 2259 aliis
969 2195 1113 2280 plurimis
1138 2219 1211 2284 quse
1232 2201 1436 2288 magu-ridib-

146 2304 254 2392 gentiri
276 2327 297 2368 a
318 2303 451 2369 Cassino
472 2315 505 2368 et
531 2303 680 2368 Maraldo
701 2303 865 2368 observata
883 2301 971 2366 fuere
996 2302 1152 2368 satisfacit.
1208 2305 1353 2392 Tasrdem
1378 2330 1436 2392 per

142 2415 350 2498 ‘telescopium
371 2414 469 2478 stellas
490 2413 584 2502 longe
603 2413 709 2498 plures
724 2435 818 2500 quarn
833 2411 926 2476 oculo
939 2411 1026 2476 nudo
1040 2423 1234 2490 carnuntum
1252 2415 1358 2480 Stellae
1371 2417 1435 2480 illae

146 2546 225 2612 quas
246 2525 413 2589 nebulosas
435 2523 544 2588 dicunt
564 2535 597 2588 et
610 2523 733 2612 integra
757 2523 808 2587 ria
831 2522 932 2586 lactea
945 2521 1024 2586 nibil
1038 2521 1125 2586 aliud
1138 2534 1213 2586 sunt
1226 2545 1321 2608 quam
1334 2525 1433 2610 pluri·

144 2651 269 2694 marum
283 2629 442 2694 stellarum
455 2653 527 2717 quae
543 2630 635 2694 oculo
649 2653 714 2694 non
728 2597 980 2717 distinguuntur
979 2630 1150 2716 congeries.
1194 2629 1296 2694 Novae
1310 2653 1435 2718 quoqne

144 2739 179 2802 in
208 2739 292 2803 caelu
321 2738 418 2804 stellae
439 2749 594 2823 apparent
615 2749 647 2802 et
667 2759 739 2824 quae
762 2736 835 2802 ante
857 2737 1055 2815 videbantur,
1078 2757 1306 2823 nonnunquam
1325 2737 1434 2802 incon-

148 2849 266 2932 spicuae
294 2847 385 2926 liunt,
416 2845 541 2912 illarum
571 2847 716 2935 quasdam
753 2847 957 2932 apparitionis
987 2858 1018 2910 et
1046 2844 1257 2930 disparitionis
1287 2847 1434 2932 periodos

146 2956 265 3021 habent
279 2979 350 3043 quae
364 2955 531 3043 quamdam
545 2955 778 3060 regularitatem
799 2954 943 3020 obtinere
957 2950 1112 3030 videntur,
1128 2973 1299 3038 earumque
1312 2953 1434 3040 magni·

146 3066 224 3131 tudo
238 3067 320 3132 sub'
311 3068 400 3132 mitio
414 3065 618 3152 apparitionis
632 3065 744 3130 crescit
757 3075 789 3128 et
803 3065 862 3128 sub
876 3064 973 3128 finem
986 3062 1146 3128 decrescit

190 3181 243 3238 42.
267 3173 301 3240 si
315 3175 432 3260 soepius
445 3175 630 3240 observetur
644 3186 713 3238 turn
727 3185 832 3238 motus
842 3173 954 3240 Solis
944 3193 979 3236 ιιι
994 3171 1147 3257 Eelipuct
1171 3172 1240 3257 (15)
1255 3183 1323 3236 ιιιιιι
1337 3173 1435 3256 ,rpsius

146 3283 297 3349 diameter
321 3307 476 3372 apparens
503 3285 572 3370 (89)
599 3281 694 3371 qudm
719 3282 790 3348 fieri
812 3293 916 3368 potest
944 3280 1185 3357 accuratissime,
1213 3277 1297 3343 circa
1326 3279 1434 3353 datum

145 3403 297 3474 punctum
323 3393 356 3454 in
380 3392 477 3478 pleno
498 3391 634 3456 describi
658 3389 775 3475 poterit
795 3411 892 3454 curva
913 3386 1021 3452 similis
1043 3387 1156 3450 orbitoe
1170 3405 1265 3470 quarn
1282 3383 1338 3448 Sol
1352 3384 1436 3450 circei

145 3511 261 3564 terram
285 3521 470 3585 percurrere
492 3499 625 3565 videtur.
681 3499 766 3563 Nam
792 3495 864 3562 crim
886 3495 1030 3560 diametri
1056 3494 1137 3560 Solis
1161 3507 1348 3579 apparentes
1372 3495 1436 3559 sint

144 3606 305 3692 reciproce
326 3617 363 3672 ut
384 3609 482 3693 ipsius
505 3630 525 3671 a
546 3605 657 3672 tellure
679 3606 847 3682 distantiae,
871 3625 912 3668 ex
933 3603 1014 3668 datis
1035 3603 1194 3686 diamenis
1213 3602 1435 3687 apparentibus

136 3711 260 3780 'dantur
282 3713 500 3780 distantiarum
520 3713 657 3779 rationes
678 3727 710 3778 et
731 3735 772 3776 ex
794 3712 869 3776 dato
891 3711 973 3776 Solis
987 3723 1076 3774 motu
1089 3710 1122 3773 in
1138 3709 1303 3794 Fclipticd,
1320 3709 1435 3774 dantur

145 3821 252 3908 engrati
265 3823 347 3886 inter
361 3821 430 3886 illas
444 3821 606 3886 dntantias
621 3803 770 3886 contenti.
816 3820 851 3884 Si
865 3815 942 3884 verb
957 3839 998 3882 ex
1011 3816 1192 3902 hujusmodi
1209 3817 1435 3880 observationi-

145 3927 204 3992 bus
226 3928 426 3994 eonferantur
447 3929 593 3994 diametri
615 3939 802 4014 apparentes
819 3927 901 3994 Solis
916 3949 989 3991 cum
1002 3927 1100 4010 ipsius
1115 3925 1259 4013 angulari
1272 3923 1436 3990 velocitate

147 4033 230 4100 ciret
250 4029 375 4117 terram,
401 4048 531 4124 apparet
552 4059 639 4102 areas
663 4060 740 4125 quas
764 4036 819 4102 Sol
838 4036 927 4100 radio
942 4035 983 4098 ad
998 4047 1113 4100 terram
1128 4034 1224 4102 ducto
1239 4035 1344 4112 verrit,
1368 4055 1435 4098 esse

147 4143 340 4227 temporibus
354 4147 614 4232 proportionales,
630 4147 773 4233 Solisque
788 4146 921 4210 orbitam
932 4167 997 4210 non
1007 4144 1141 4214 multum
1151 4145 1277 4209 differre
1287 4167 1306 4208 a
1318 4143 1434 4208 circulo
1541 4163 1546 4172 ¹

149 4263 183 4315 et
202 4249 311 4316 haberi
331 4275 425 4338 posse
445 4277 506 4341 pro
527 4253 628 4339 ellipsi
643 4256 731 4338 cujus
747 4253 929 4318 umbilicum
943 4252 1076 4316 altemm
1091 4265 1224 4337 occupat
1237 4263 1330 4314 terra.
1377 4251 1433 4316 Est

149 4371 258 4424 autern
276 4359 354 4425 Solis
369 4362 521 4428 diameter
535 4383 690 4449 apparens
704 4363 843 4428 maxima
859 4366 908 4427 δι’
924 4367 993 4440 ιο”,
1010 4375 1042 4427 et
1055 4365 1186 4428 minima
1200 4362 1252 4427 δι’
1268 4365 1325 4442 36”
1343 4360 1435 4446 juxti

148 4467 193 4534 D.
221 4467 344 4531 Cassini
364 4467 398 4530 in
419 4469 552 4534 Tabulis
572 4469 802 4535 Astronornicis
836 4481 868 4532 et
887 4467 960 4534 ided
981 4470 1119 4534 maxima
1140 4469 1287 4533 distantia
1313 4469 1395 4533 Solis
1416 4490 1435 4532 a

148 4577 232 4642 tenir
247 4587 297 4641 est
310 4575 350 4640 ad
367 4577 544 4644 distantiam
558 4580 720 4644 minimam
735 4591 771 4642 ut
787 4579 838 4643 32¹
859 4579 918 4643 40'‘
941 4577 984 4642 ad
1006 4582 1055 4642 δι’
1074 4578 1144 4654 86”,
1160 4575 1224 4640 sive
1239 4589 1275 4640 ut
1286 4585 1375 4642 1960
1394 4575 1435 4642 ad

151 4691 234 4750 1896
261 4683 398 4761 circiter,
426 4683 492 4749 sive
517 4693 580 4752 245
601 4685 642 4766 ad
664 4693 739 4756 287.
797 4685 850 4750 Ex
879 4655 1031 4749 similibus
1060 4680 1336 4812 observationibus,
1367 4696 1434 4749 tum

181 4791 840 4842 Vor.111.c
