3516 5870
389 509 582 578 FLUXUS
606 509 667 576 AC
687 505 946 576 unFLUXUS
968 509 1128 580 Manls.
1337 462 1399 577 tau

117 704 274 780 rememora
289 693 416 780 quidem
430 695 484 758 nbi
500 694 601 769 Luna,
618 689 690 756 edm
704 703 752 754 est
765 691 798 754 in
813 706 980 778 aequatoro,
996 693 1133 758 maximi
1149 683 1185 756 vi
1193 689 1320 778 gaudet,
1340 691 1400 756 du·
1427 755 1430 760 .

116 805 203 868 bium
219 815 267 868 est
280 803 411 880 nullum,
428 803 503 888 quin
518 815 611 866 estus
625 799 753 864 maximi
767 799 800 862 in
818 801 1004 885 equinoctia
1017 803 1142 880 incidat,
1167 799 1291 886 quando
1306 799 1400 890 ambo

114 905 280 975 luminaria
301 910 334 974 in
356 921 512 996 aquatore
534 919 608 972 aunt
628 907 741 991 posita,
764 927 836 992 quse
857 906 966 970 eadem
986 909 1161 992 proprietas
1175 907 1269 972 etiam
1283 906 1316 970 in
1330 905 1400 970 loca

114 1023 155 1086 ab
169 1033 327 1108 aequatura
342 1041 405 1084 non
419 1020 551 1086 multum
566 1019 674 1084 dissita
687 1017 856 1105 competit:
879 1032 912 1084 at
931 1021 965 1083 in
982 1019 1058 1088 loeis
1072 1021 1113 1084 ab
1127 1033 1285 1105 oequatore
1298 1021 1398 1108 magis

115 1127 241 1192 remotis
263 1139 356 1190 estus
377 1125 481 1202 maris,
505 1121 578 1190 edm
602 1125 695 1188 Luna
714 1125 883 1190 mximam
901 1125 996 1192 habet
1009 1125 1259 1202 declinationem,
1283 1125 1399 1190 dantur

115 1235 240 1322 quidem
260 1235 393 1318 majores
412 1255 455 1298 ex
476 1233 591 1310 tabula,
615 1238 639 1315 t.
656 1240 708 1298 50.
728 1231 837 1298 verbm
848 1245 945 1298 essars
959 1255 1035 1298 mox
1053 1235 1276 1320 subsequentes
1298 1235 1398 1300 multo

114 1355 186 1408 aaut
200 1341 345 1408 minora.
392 1340 531 1416 Quodsi
546 1351 650 1406 autem
670 1341 751 1406 inter
772 1343 862 1406 binos
876 1355 970 1408 sesam
985 1365 1004 1406 a
1017 1343 1109 1412 Luna
1125 1343 1273 1410 emundas
1289 1365 1398 1412 eonse-

113 1460 241 1536 quantes
254 1446 394 1512 medium
409 1447 558 1532 capiatur,
573 1447 692 1530 patebit
705 1448 739 1512 ia
753 1447 932 1535 regionibus
948 1456 1011 1514 ³0⁰.
1026 1449 1066 1516 ab
1079 1463 1240 1535 requerere
1259 1451 1395 1527 remotis,

112 1597 224 1686 quibus
239 1607 333 1662 oestus
349 1565 504 1724 esst-{Q
522 1595 550 1661 L
573 1597 599 1662 si
622 1594 723 1661 Lunae
737 1595 903 1662 declinatio
919 1597 958 1660 sit
967 1595 1067 1674 'nulla
1090 1609 1201 1661 oesturn
1223 1600 1317 1662 maris
1332 1621 1397 1662 me·

112 1807 209 1884 dirun,
226 1805 299 1871 crim
315 1807 408 1872 Luna
421 1807 517 1874 habet
527 1805 768 1875 declinationem
783 1819 825 1876 20
840 1810 1005 1898 graduum,
1021 1812 1088 1876 fore
1097 1841 1132 1869 =
1143 1781 1242 1938 ξιξ-ζ
1255 1812 1294 1888 L,
1310 1811 1398 1875 ide6-

111 1999 173 2064 que
186 1975 290 2040 adhuc
303 1977 457 2042 minorem
470 1977 565 2066 qurim
580 1978 652 2043 crim
668 1980 760 2044 Luna
774 1993 964 2066 aquatorern
979 1992 1073 2043 tenet.
1113 1978 1233 2042 Contra
1247 1978 1322 2042 verb
1337 1981 1396 2044 sub

113 2085 286 2150 elevatione
306 2084 373 2170 poli
387 2095 429 2152 60
443 2088 610 2174 meum,
624 2101 674 2154 est
688 2100 782 2152 aestus
797 2088 902 2165 maris,
919 2087 1011 2156 Luni
1027 2097 1168 2150 versante
1182 2085 1216 2150 in
1229 2098 1397 2170 aequatura,

113 2265 148 2278 ,
162 2201 262 2271 anm

113 2281 148 2294 ”“
162 2282 261 2360 ‘dli'

112 2413 210 2503 Q
234 2443 273 2522 L,

120 2505 201 2569 ab³

110 2615 250 2680 nioribua
270 2627 365 2682 oesnrs
386 2618 550 2696 maxirnos,
573 2639 639 2704 noa
663 2618 701 2682 in·
721 2618 920 2704 aequinoctia,
948 2617 1004 2684 sed
1025 2619 1128 2703 potius
1150 2617 1234 2695 cirqa
1255 2614 1396 2691 solstitia,

112 2720 251 2821 incidere
269 2723 395 2802 debere,
419 2723 480 2810 qui
502 2725 629 2810 quidem
642 2725 676 2790 in
689 2747 725 2790 re
738 2724 861 2792 theoria
874 2737 981 2792 nostra
1000 2745 1059 2812 per
1074 2724 1298 2810 experientiam
1312 2721 1398 2787 miri·

110 2827 171 2894 lice
186 2831 399 2898 confirmatur.

280 2233 320 2310 L,
342 2245 436 2297 aestus
457 2245 562 2298 autem
583 2233 713 2312 madius,
737 2231 810 2298 cirrn
832 2233 933 2298 Lunae
954 2231 1121 2296 declinatio
1137 2243 1184 2296 est
1200 2229 1265 2294 20⁰.
1292 2243 1340 2294 est
1362 2261 1397 2290 =

296 2444 430 2532 ide6que
451 2447 560 2531 major.
606 2445 658 2510 Ex
679 2468 742 2532 quo
762 2447 962 2532 consequitur
983 2446 1015 2510 in
1030 2445 1208 2534 regionibus
1228 2444 1309 2530 polis
1324 2441 1398 2534 rici·

672 3105 837 3128 “mamm

524 3305 700 3382 CAPUT
727 3304 991 3396 QUINTUM.

177 3515 240 3587 De
257 3525 408 3612 ternpore
424 3515 559 3590 Fluaris
576 3540 617 3589 oc
633 3516 803 3614 quuuds
821 3519 943 3592 Moris
959 3519 995 3592 ia
1012 3518 1129 3592 aridem
1147 3517 1335 3615 hypothesi.

112 3745 137 3822 §.
153 3749 203 3810 57.
228 3711 454 3829 Quanquam
470 3737 502 3802 in
516 3737 706 3824 praecedenti
718 3737 839 3824 Capite,
856 3760 918 3824 quo
933 3737 966 3801 in
981 3739 1182 3824 quantitatem
1198 3739 1291 3803 aestus
1305 3739 1399 3804 maris

112 3851 270 3936 praecipue
293 3848 518 3938 inquisivimus,
542 3847 634 3912 etiam
655 3859 805 3934 tempora,
830 3845 942 3932 quibus
957 3859 1020 3911 tam
1035 3847 1138 3912 fluxus
1154 3846 1247 3934 quarn
1262 3847 1399 3912 refluxus

115 3959 246 4035 eveniat,
257 3961 323 4045 jam
337 3957 561 4032 indicavimus3
584 3969 688 4022 tamen
703 3957 764 4022 hoc
780 3957 891 4042 Capite
911 3955 993 4021 istud
1008 3971 1226 4045 argumentum
1241 3954 1339 4020 fusilis
1354 3971 1401 4020 at·

115 4087 177 4152 que
199 4062 239 4128 ad
261 4065 490 4128 observationes
513 4063 744 4129 accommodate
764 4087 996 4152 persequemur.
1042 4065 1283 4129 Observationes
1305 4065 1399 4144 enim,

115 4191 187 4260 quae
209 4170 292 4233 circa
314 4185 423 4234 aestum
436 4171 530 4234 maris
551 4169 669 4234 institui
691 4169 800 4248 solent,
823 4171 864 4235 ad
886 4172 946 4235 tria
959 4193 1074 4258 genera
1088 4171 1337 4236 commodissime
1352 4193 1401 4235 re-
1479 4165 1482 4176 '

115 4283 279 4358 feruntur3
301 4280 342 4344 ad
364 4304 495 4368 quorum
517 4282 654 4368 primum
674 4281 809 4368 pertinet
830 4281 923 4346 maria
946 4279 1017 4346 crim
1040 4281 1170 4346 elevatio
1184 4282 1321 4346 maxima
1334 4279 1402 4347 tdrn

114 4391 254 4457 maxima
276 4388 453 4473 depressi03
476 4401 568 4476 atque
589 4389 743 4453 indicatur
765 4401 915 4474 quantum
937 4388 1045 4475 quovis
1068 4401 1146 4454 aestu
1168 4411 1249 4474 aqua
1266 4386 1337 4468 crim
1353 4409 1401 4452 as-
1429 4467 1430 4470 Ἴ

116 4501 229 4570 condat
250 4499 319 4568 tdm
340 4498 516 4564 descendat
572 4499 625 4564 Ad
648 4497 819 4564 secundum
845 4499 1097 4563 observationum
1121 4521 1220 4584 gertus
1245 4499 1403 4562 numerari

117 4610 262 4676 convenit
286 4631 349 4684 eas,
378 4629 448 4696 quae
474 4605 513 4669 ad
538 4618 660 4692 tempus
688 4607 867 4691 respiciunt,
895 4606 1068 4696 quibusque
1090 4604 1246 4683 definitur,
1268 4627 1403 4692 quonam

119 4719 267 4804 temporis
282 4727 442 4781 momento
457 4712 557 4780 ubivis
569 4713 741 4780 Terrarum
756 4737 835 4802 aqua
849 4711 922 4780 crim
933 4735 1085 4778 summam
1096 4725 1200 4778 teneat
1209 4711 1404 4778 altitudinem

154 4825 214 4876 Vct.
230 4819 285 4873 III.
703 4819 730 4870 X
