3516 5870
403 513 593 582 nunnus
617 513 678 578 ac
704 511 958 584 aarnnxus
980 473 1138 584 reims.
1347 523 1407 578 sss

130 682 232 762 etiam,
247 695 284 750 nt
296 707 379 772 aque
391 683 454 752 alio
468 687 506 750 in'
518 687 587 750 loco
600 698 723 750 tanturm
737 685 883 764 elevetur,
899 687 993 772 inque
1003 687 1065 751 alio
1076 699 1194 751 tentum
1207 685 1407 770 deprimatur,
1502 666 1510 676 ⁵

134 803 283 877 quantum
305 794 404 870 tieret,
428 793 453 856 si
475 792 532 855 iste
552 801 668 854 tractus
689 791 818 854 omnino
839 799 904 855 uon
917 807 998 857 esset
1012 788 1201 856 terminatus.
1248 792 1331 856 Atei
1351 793 1410 854 iste

12 932 17 972 ς
130 909 247 964 tractus
269 911 334 962 trun
355 897 448 962 fuerit
468 915 581 980 parvus
596 907 632 958 ut
644 895 776 983 singulte
797 909 901 980 partes
915 899 1087 984 aequalibus
1101 899 1165 963 fere
1180 898 1296 962 viribus
1318 896 1410 960 simul

130 1005 179 1072 uel
203 1007 384 1090 attollantur
407 1006 457 1090 rel
481 1005 706 1088 deprimantur,
730 1003 816 1068 nulla
846 1006 998 1070 sensibilis
1023 1008 1154 1071 mutatio
1183 1006 1257 1070 oriri
1286 1005 1408 1088 poterit.

129 1110 222 1196 Aqua
244 1113 325 1176 enim
348 1133 411 1176 uno
431 1111 465 1174 in
486 1110 557 1174 loco
578 1109 678 1172 attolli
699 1111 806 1195 nequit
826 1111 888 1176 nisi
908 1112 940 1176 in
961 1111 1023 1176 alio
1044 1111 1183 1176 subsidat
1196 1125 1229 1178 et
1243 1110 1361 1187 contri,
1383 1110 1412 1176 si

12 1243 15 1302 ᾗ,
67 1281 73 1298 Ι
128 1217 255 1301 quidem
278 1218 386 1282 eadem
411 1236 501 1301 aquae
526 1214 617 1298 copia
640 1215 674 1276 in
698 1237 737 1278 eo
758 1227 859 1278 tractu
879 1214 1031 1300 perpetui)
1051 1228 1260 1282 conservetur.
1306 1220 1411 1301 Atque
1522 1225 1525 1236 '

12 1371 14 1386 .
128 1321 198 1385 heec
212 1335 258 1386 est
272 1323 352 1386 ratio
366 1321 449 1386 utin
465 1319 552 1384 Mari
569 1318 701 1396 Baltico,
719 1319 844 1403 Cespm,
862 1319 974 1406 Nigro,
997 1319 1126 1405 aliisque
1140 1319 1311 1387 minoribus
1325 1321 1412 1386 lacu·

126 1428 186 1492 bus
200 1427 304 1492 nullus
319 1427 448 1493 omnino
462 1437 556 1490 aestus
570 1425 830 1510 deprehendatur.
1056 1505 1060 1514 ⁸

167 1542 191 1618 §t
210 1545 281 1600 119.
306 1532 403 1609 Qudd
425 1535 452 1598 si
473 1548 576 1604 autem
598 1535 773 1600 istiusmodi
794 1535 888 1600 maris
904 1548 1019 1604 tractus
1035 1547 1156 1600 tantum
1171 1535 1304 1618 spatium
1319 1556 1412 1598 occu·

30 1629 32 1636 ¹
125 1657 188 1728 pet,
205 1656 240 1707 ut
253 1643 334 1708 vires
350 1640 524 1706 attollentes
540 1653 572 1706 et
585 1641 794 1727 deprimentes
811 1641 844 1704 in
859 1641 1105 1706 extremitatibus
1120 1641 1309 1707 sensibiliter
1323 1640 1412 1704 diffe-

126 1761 206 1825 runt,
229 1762 297 1811 tum
319 1769 446 1812 necesse
468 1759 515 1812 est
536 1760 657 1818 utnon
679 1749 780 1812 solum
800 1770 882 1834 aqua
903 1749 936 1810 in
951 1748 1048 1811 altero
1064 1760 1206 1810 extremo
1221 1749 1357 1812 elevetur
1379 1749 1413 1810 in

126 1857 286 1942 alteroque
301 1857 505 1941 deprimatur,
521 1857 576 1922 sed
592 1859 686 1922 etiam
701 1872 736 1922 ut
751 1857 925 1922 differentia
939 1857 1020 1924 inter
1034 1879 1124 1944 aquae
1139 1857 1317 1922 altitudines
1328 1871 1414 1922 tanta

126 1965 174 2041 sit,
191 1974 307 2049 quanta
320 1963 355 2026 in
369 1975 478 2048 aperto
493 1986 610 2028 oceano
626 1964 727 2028 eidem
741 1963 854 2028 virium
866 1963 1050 2028 differentiae
1061 1964 1240 2048 respondet.
1271 1963 1413 2039 Quamo-

124 2072 214 2138 brem
236 2073 361 2138 defiuiri
386 2075 559 2151 conveniet,
583 2087 699 2159 quanta
720 2075 752 2136 in
775 2072 903 2136 diversis
924 2071 1034 2136 Terrae
1055 2071 1131 2136 locis
1147 2073 1257 2160 eodem
1272 2085 1414 2156 tempore

125 2180 159 2242 in
173 2179 387 2244 altitudinibus
401 2202 491 2267 aquae
505 2203 525 2244 a
539 2180 655 2255 viribus
668 2179 769 2244 Lunae
784 2201 821 2248 ac
838 2178 918 2244 Solis
940 2178 1072 2262 produci
1088 2192 1189 2263 queat.
1236 2178 1286 2242 Ne
1308 2190 1413 2242 autem

125 2284 263 2350 calculus
284 2286 415 2351 nimium
437 2287 492 2348 fiat
513 2287 665 2370 prolixus,
689 2285 787 2350 solam
809 2285 910 2349 Lunae
924 2284 988 2347 vim
1007 2285 1040 2346 in
1055 2297 1238 2367 computum
1252 2281 1411 2361 ducemus,

58 2427 63 2432 ¹
126 2397 242 2482 quippe
257 2417 329 2482 quae
343 2397 407 2468 vim
423 2393 504 2460 Solis
519 2393 652 2458 multum
667 2394 808 2470 excedit3
835 2406 867 2458 et
881 2395 1030 2480 quoniam
1044 2391 1156 2456 effectu
1174 2373 1275 2454 Lunae
1290 2393 1415 2490 cognito

125 2505 217 2570 facile
231 2517 278 2569 est
294 2504 376 2569 Solis
391 2503 534 2568 effectum
548 2506 733 2570 aestimando
748 2503 798 2568 vel
812 2505 947 2590 adjicere
961 2504 1011 2567 vel
1024 2502 1156 2568 aufene.
1199 2503 1416 2588 Repraesentat

127 2637 202 2701 ergo
220 2614 287 2680 PL
302 2614 347 2699 pl
361 2613 558 2699 superficiem
573 2615 683 2680 Terrae
699 2616 786 2700 cujus
800 2614 866 2699 poli
900 2633 903 2640 ·

126 2725 189 2792 sint
212 2725 286 2790 Pet
307 2745 339 2809 p,
366 2737 459 2810 atque
483 2723 522 2790 M
537 2737 568 2788 et
588 2724 621 2808 N
642 2723 703 2790 sint
718 2723 782 2806 duo
804 2737 865 2787 ter-
925 2801 928 2808 .

109 2832 201 2894 1mini
226 2831 259 2894 in
285 2832 397 2896 eodem
421 2832 515 2922 maris
541 2845 641 2895 tractu
664 2833 801 2910 assumti,
833 2833 865 2894 in

126 2941 240 3026 quibus
270 2954 422 3024 quantum
456 2940 551 3004 maris
587 2939 719 3004 altitudo
755 2939 864 3025 quovis
925 2992 956 3036 1.
1047 2980 1052 2991 ·

125 3061 266 3131 tempore
282 3045 415 3123 differat,
439 3047 480 3109 sit
495 3047 754 3132 investigandum.
801 3049 865 3108 Re·
988 3060 992 3063 “

128 3168 297 3243 praesentet
322 3176 417 3239 porro
445 3151 504 3218 Ll
526 3150 720 3237 parallelum,
746 3152 792 3214 in.
805 3171 868 3235 quo

129 3261 222 3325 Luna
235 3272 397 3322 moveatur
410 3255 472 3320 hoc
487 3268 635 3339 tempore,
660 3256 760 3340 sitque
776 3253 868 3318 Luna

127 3368 161 3430 in
188 3367 236 3442 L;
270 3377 364 3450 atque
389 3363 543 3446 exprimet
568 3361 701 3448 angulus
729 3359 757 3423 L
782 3359 869 3426 PM

128 3487 261 3562 tempus,
288 3470 373 3556 quod
398 3482 471 3554 post
494 3469 596 3533 Lunoe
622 3469 788 3532 transitum
810 3488 869 3551 per

130 3577 335 3644 meridianum
349 3578 474 3642 termini
490 3576 529 3642 M
549 3588 595 3640 est
616 3575 864 3662 praeterlapsum,

129 3688 261 3776 angtrlus
283 3684 359 3750 verb
382 3685 412 3749 L
428 3684 455 3748 P
471 3683 504 3748 N
525 3695 647 3767 tempus
669 3695 740 3767 post
758 3684 871 3746 transi-
901 3688 906 3697 “

129 3811 196 3860 tum
218 3796 319 3861 Lunae
339 3817 398 3879 per
418 3793 624 3858 meridianum
646 3792 772 3857 alterius
793 3793 919 3856 termini
942 3793 983 3856 N.
1028 3791 1145 3858 Ductis
1172 3805 1276 3858 autem
1293 3791 1417 3857 circulis

132 3905 273 3968 maximis
288 3903 316 3968 P
333 3903 419 3969 Met
437 3901 463 3966 P
479 3903 521 3979 N,
538 3902 597 3966 erit
610 3923 700 3965 arcus
719 3899 746 3964 P
766 3899 805 3965 M
820 3900 1082 3986 complementum
1096 3900 1267 3965 latitudinis
1282 3900 1346 3965 loci
1367 3895 1416 3975 M,

132 4029 223 4096 atqua
240 4008 266 4072 P
281 4009 312 4074 N
326 4009 401 4077 verit
423 4009 485 4077 loci
509 4008 550 4084 N,
573 4007 706 4094 angulus
721 4006 796 4090 ueri>
809 4007 852 4090 ‚M
868 4007 895 4072 P
912 4007 944 4072 N
958 4006 1047 4072 dabit
1061 4007 1268 4092 differentiam
1282 4003 1419 4096 longitu-

132 4114 213 4180 dinis
228 4113 368 4178 locorum
383 4114 422 4180 M
437 4130 469 4178 et
484 4113 535 4189 N;
558 4135 628 4200 quae
643 4113 775 4200 proinde
791 4114 895 4178 omnia
909 4127 1069 4200 ponuntur
1084 4115 1219 4204 cognita

176 4228 199 4306 §.
218 4231 289 4286 120.
313 4222 477 4288 Ducentur
495 4225 561 4308 jam
584 4245 624 4296 ex
646 4222 717 4286 loco
739 4223 840 4287 Lunae
862 4221 892 4288 L
914 4222 954 4306 ad
977 4222 1126 4286 terminos
1151 4219 1191 4286 M
1211 4234 1245 4285 et
1266 4217 1299 4282 N
1313 4217 1420 4284 circuli

133 4331 264 4394 maximi
280 4330 308 4394 L
326 4329 365 4395 M
380 4342 412 4394 et
427 4331 509 4412 LN,
527 4329 781 4415 exhibebuntque
796 4329 847 4392 isti
864 4351 954 4392 arcus
969 4327 1197 4412 complementa
1211 4324 1430 4400 altitudinum,

134 4439 246 4535 quibus
261 4438 322 4504 hoc
337 4450 481 4524 tempore
496 4441 587 4504 Luna
601 4441 634 4502 in
648 4432 781 4502 locis'M
796 4452 828 4502 et
843 4437 875 4501 N
893 4461 987 4526 supra
1003 4437 1196 4502 horizontem
1213 4435 1331 4500 elevata
1344 4425 1421 4498 ¹oon·

135 4548 272 4634 spicitur.
320 4546 460 4611 Ponatur
483 4549 572 4612 arctis
596 4545 669 4612 PL
691 4547 777 4610 sirius
805 4571 836 4605 =
862 4568 893 4631 q,
918 4545 1040 4610 cosinus
1069 4571 1100 4604 =
1130 4545 1172 4621 Q,
1200 4545 1259 4608 erit
1280 4543 1313 4619 Q
1335 4544 1420 4606 sinus

1130 3658 1148 3707 P

12 4675 13 4680 ’
135 4655 350 4720 declinationis
371 4653 505 4718 borealis
529 4655 638 4733 Lunae,
662 4655 689 4720 si
712 4654 837 4742 quidem
859 4653 892 4732 Q
913 4655 1028 4719 habeat
1041 4655 1178 4718 valorem
1194 4653 1420 4728 affirmativum,

136 4784 173 4828 ac
196 4763 223 4828 Ρ
244 4763 352 4848 polum
376 4762 533 4826 borealem
555 4761 690 4828 denotet.
736 4761 863 4828 Deinde
878 4776 1014 4848 ponatur
1028 4761 1118 4836 arcius
1135 4762 1162 4826 P
1178 4761 1217 4828 M
1234 4763 1318 4826 sinus
1337 4785 1369 4820 .·:
1388 4781 1421 4844 p,

172 4870 232 4918 Ver..
248 4869 301 4916 ΙΙΙ.
767 4869 816 4916 Aa
962 4875 965 4884 '
