3540 5886
438 559 631 630 FLUXUS
651 563 714 630 ΔΟ
738 561 991 634 REFLUXUS
1011 563 1168 634 MARIS.
1376 573 1439 632 066

165 779 247 846 un
262 779 424 868 urgebitur
437 781 468 844 vr
482 811 518 838 ι.
537 737 678 874 θὲῗ-ῑ.
723 779 868 845 Gravitas
882 781 976 870 igin:
989 781 1125 848 maxime
1140 782 1312 870 augebitur,
1328 781 1441 868 npu-

161 945 258 1010 ticule
275 944 315 1012 M
328 945 427 1029 posite
437 943 530 1008 inerit
543 943 577 1006 in
591 942 625 1007 D
640 942 690 1008 vel
705 943 745 1022 E,
761 945 873 1030 quibus
887 946 920 1010 in
934 945 1010 1010 locis
1024 959 1175 1032 punctum
1192 949 1262 1014 Sin
1278 947 1439 1018 horizonte

163 1111 309 1186 appeten
327 1098 371 1163 ibi
386 1096 459 1162 verb
471 1098 629 1186 grauitatis
644 1111 844 1186 augmentum
857 1100 916 1166 erit
934 1132 969 1157 =
984 1057 1040 1222 ἑξ.
1085 1101 1126 1166 Iu
1146 1103 1274 1198 punctis·
1288 1116 1391 1170 autern
1407 1107 1438 1170 A

162 1277 195 1328 et
210 1265 247 1342 B,
262 1285 333 1351 quae
345 1275 497 1350 punctum
513 1264 536 1328 S
550 1263 601 1330 rel
621 1263 655 1326 in
670 1285 728 1328 suo
740 1265 844 1328 uenith
859 1265 907 1330 vel
928 1265 1019 1329 nudir
1038 1265 1176 1352 positum
1188 1266 1314 1345 hubent,
1337 1269 1438 1332 mixi-

162 1439 248 1482 mum
262 1416 512 1502 deprehendetur
527 1415 684 1502 gravitatis
699 1416 939 1497 decrementum,
951 1417 1036 1504 quod
1051 1419 1168 1486 scilicet
1181 1422 1239 1488 erit
1252 1452 1286 1479 =
1303 1380 1359 1478 9-8.
1367 1448 1376 1501 3
1396 1423 1404 1441 ⁰
1461 1439 1466 1446 ⁴

118 1615 119 1622 κ
159 1591 196 1648 nt
208 1581 381 1646 momorum
394 1579 553 1668 gravitatis
567 1581 809 1660 decrementum,
821 1581 918 1668 dupld
932 1585 1031 1669 majus
1045 1583 1086 1648 sit
1096 1581 1189 1670 quim
1203 1586 1374 1653 maximum
1388 1589 1437 1654 iu·

159 1744 359 1799 crementum.
404 1729 460 1796 Vls
474 1744 579 1796 nutem
593 1732 792 1798 horizontulis
805 1691 943 1854 ἕ-ξῑξᾸ
961 1736 1095 1799 maxime
1116 1737 1235 1815 evadet,
1258 1739 1285 1803 st
1305 1737 1436 1826 angulus

159 1897 191 1962 A
207 1895 235 1962 C
251 1895 290 1964 M
312 1895 405 1962 buerit
423 1897 628 1975 semi-tecue,
651 1896 686 1962 id
706 1897 792 1984 quod
812 1899 924 1967 eccidit
945 1899 979 1964 iu
1003 1899 1043 1965 iis
1063 1898 1174 1964 Terre
1190 1901 1378 1986 regionibus,
1403 1903 1436 1966 in

160 2005 272 2092 quibus
286 2017 437 2090 punctum
459 2006 482 2070 S
501 2006 690 2091 conspicitur
709 2006 759 2070 vel
782 2015 846 2072 45⁰.
858 2007 1009 2092 gradibus
1025 2029 1120 2092 supra
1132 2007 1324 2073 horizontem
1338 2010 1436 2074 eleva·

158 2123 234 2191 tum,
250 2111 299 2178 vel
313 2111 496 2178 tantundem
511 2113 569 2176 sub
584 2111 746 2176 horizonte
760 2112 943 2198 depressum
962 2112 1057 2178 latet:
1080 2113 1130 2178 his
1151 2113 1244 2200 igitur
1258 2115 1380 2180 casibus
1395 2116 1436 2180 ob

158 2289 181 2330 x
195 2290 218 2353 y
234 2297 269 2322 =
287 2271 307 2349 ἦ
325 2267 380 2332 fiet
393 2267 439 2332 vis
459 2266 659 2331 horizontulis
676 2295 710 2321 =
730 2223 820 2386 ἐξ.
865 2217 972 2351 Hujus
995 2287 1071 2354 ergo
1094 2267 1140 2330 vis
1166 2266 1292 2331 effectus
1316 2269 1350 2330 in
1375 2269 1436 2333 hoc

159 2431 316 2507 consistet,
331 2442 367 2495 ut
381 2429 510 2496 directio
523 2429 681 2518 gravitatis
693 2442 841 2508 mutetur,
857 2441 949 2514 utque
962 2429 1069 2494 vernis
1084 2442 1200 2494 rectam
1219 2430 1242 2494 S
1259 2430 1286 2494 C
1307 2431 1435 2498 incline-

46 2578 51 2588 “
155 2579 438 2669 nuongdocujur
452 2539 800 2700 tangentem-433,
816 2581 967 2646 existente
982 2581 1051 2646 sinu
1065 2593 1133 2646 toto
1150 2611 1185 2636 =
1201 2591 1229 2659 l,
1246 2582 1320 2670 quie
1331 2585 1435 2669 grovi-

155 2757 251 2810 tatem
266 2747 382 2811 unitate
396 2747 604 2834 designamur.

195 2857 221 2938 §-
236 2860 288 2922 00.
323 2851 388 2918 Hae
408 2853 512 2942 itaque
531 2853 612 2918 vires
633 2853 661 2917 si
681 2853 755 2918 satis
776 2863 879 2916 essent
899 2872 1031 2938 mugnoe,
1054 2851 1087 2917 in
1107 2852 1299 2936 ponderibus
1324 2857 1433 2944 utique

153 2957 260 3021 sentiri
281 2953 438 3036 deberent,
461 2979 498 3020 nc
519 2955 606 3041 prior
626 2953 752 3042 quidem
772 2955 954 3044 gravitatem
976 2955 1148 3019 naturalem
1171 2957 1220 3021 vel
1245 2981 1362 3046 eugeus
1383 2958 1433 3026 vel

154 3059 331 3125 diminuens
355 3059 388 3122 in
418 3059 658 3126 oscillationibus
688 3060 896 3146 pendulorum
925 3060 1128 3124 animadverti
1153 3061 1290 3142 deberet,
1321 3089 1430 3132 eorum

151 3179 275 3232 motum
297 3165 347 3231 vel
368 3165 568 3231 accelerando
588 3165 638 3230 vel
658 3165 862 3243 retarduud03
884 3168 1037 3249 posterior
1052 3165 1126 3228 verd
1141 3166 1187 3230 vis
1203 3169 1295 3232 situm
1310 3174 1431 3258 pendu-

150 3276 253 3342 lorum
275 3277 497 3364 quiescentium
519 3275 697 3340 verticulem
717 3272 757 3337 de
778 3273 840 3338 boc
861 3273 922 3336 situ
943 3271 1130 3350 deflecteret,
1161 3287 1254 3360 utque
1280 3279 1320 3344 ad
1345 3279 1430 3344 hori.

150 3399 274 3450 zontcm
291 3386 470 3450 inclinatum
493 3383 636 3450 efficeret.
681 3382 840 3459 Quoniam
859 3393 962 3445 nutem
982 3379 1160 3466 hujusmodi
1179 3385 1429 3472 perturbationes

149 3513 214 3558 non
240 3496 450 3571 observamus,
474 3515 578 3578 operae
601 3491 734 3578 pretium
755 3491 814 3556 erit
833 3488 968 3554 dilucide
988 3505 1160 3558 monstrare
1178 3497 1258 3563 vires
1280 3499 1347 3568 illas
1365 3517 1428 3568 tam

149 3623 216 3667 esse
239 3603 375 3692 exiguus,
398 3615 434 3668 ut
454 3599 488 3670 hi
511 3601 637 3668 effectu
660 3621 768 3668 sursus
791 3610 914 3670 nostros
934 3604 1061 3668 omnino
1082 3607 1239 3694 effugiant.
1285 3609 1427 3676 Primum

148 3755 243 3844 igitur
271 3753 344 3822 etun
371 3777 431 3843 pro
461 3757 534 3824 Sole
563 3757 604 3822 sit
633 3757 658 3822 S
683 3787 718 3814 ==
748 3763 875 3828 227512
896 3769 989 3844 utque
1010 3781 1029 3821 u
1053 3785 1087 3813 =
1111 3767 1228 3837 20600,
1244 3717 1363 3882 erit-{3
1386 3767 1435 3819 -·-“

1391 3927 1414 3994 S

1379 4015 1428 4093 {a

149 3927 360 4090 3-85-31ffi3
388 3989 447 4052 pro
478 3966 568 4033 Luni
593 3979 697 4034 autem
719 3969 793 4056 quio
815 3979 862 4034 est
885 3927 1118 4089 S=116etn
1147 3997 1181 4022 ==
1214 3978 1266 4046 60,
1295 3967 1354 4036 erit

150 4195 185 4221 =
202 4138 371 4298 ὣς
395 4191 436 4236 cx
457 4171 585 4259 quovis
610 4171 712 4236 Luuae
736 4172 807 4260 pluo
830 4168 925 4258 quim
952 4181 1062 4256 quater
1084 4172 1183 4255 major
1206 4185 1253 4238 est
1273 4174 1307 4236 vi
1331 4175 1423 4254 Solis,

147 4336 267 4402 caeteris
285 4337 430 4422 peribus3
453 4353 546 4428 utque
568 4339 595 4406 si
619 4339 700 4406 Solis
720 4353 752 4406 et
771 4339 871 4406 Lunae
893 4338 972 4404 viror
997 4337 1125 4423 proretis
1151 4341 1338 4426 conspirent,
1366 4341 1425 4412 en‘t

527 4453 551 4518 S
717 4459 731 4516 l
1177 4461 1191 4516 l

145 4505 185 4550 ex
216 4485 255 4550 iis
288 4489 475 4576 conjunctim
509 4537 565 4616 F
591 4519 626 4546 =
649 4541 801 4624 W
819 4513 873 4554 seu
888 4489 1032 4576 proxime
1054 4521 1088 4548 =
1107 4537 1269 4624 W
1333 4495 1423 4564 Hinc

145 4705 279 4772 mumma
300 4707 459 4796 grunitutis
475 4708 655 4794 diminutio„
671 4733 742 4800 quae
758 4711 883 4802 quidem
898 4709 972 4776 oriri
986 4713 1109 4798 poterit,
1126 4714 1186 4777 erit
1203 4745 1237 4770 =
1258 4681 1418 4840 53de
