3540 5886
458 533 648 600 FLUXUS
670 533 731 598 AC
755 531 1007 600 REFLUXUS
1029 531 1186 600 MARIS.
1399 539 1458 597 251

184 727 327 794 quaenam
341 727 413 772 cram
427 704 494 778 aliis
514 702 728 787 phoenomenis
749 700 916 765 consistere
936 680 1058 786 possint
1079 723 1138 766 nec
1156 723 1207 766 ne.
1252 698 1463 776 Quantumvis

185 814 268 878 anim
290 811 456 896 explicatio
477 808 632 894 quaepiam
654 827 725 870 cum
745 805 959 891 phaenomenia
981 809 1147 892 conspiret,
1168 807 1230 872 nisi
1248 807 1370 883 virium,
1393 829 1463 892 quae

185 929 395 993 assumuntur,
418 915 582 980 existentia
601 911 726 976 aliundd
749 913 979 998 comprobetur,
1002 913 1087 976 labili
1109 935 1146 977 ea
1167 913 1296 978 omnind
1321 913 1463 976 innititrn

185 1023 399 1088 firndamento.
444 1019 540 1099 Qubd
556 1022 582 1084 si
604 1031 708 1083 mrtem
723 1016 841 1096 contri,
864 1018 991 1084 effeetus
1006 1019 1158 1103 ejusmodi
1179 1019 1296 1082 viribus
1311 1018 1465 1083 tribuatur

187 1151 264 1216 quas
284 1131 317 1194 in
339 1129 456 1194 mundo
477 1125 585 1192 reversi
606 1127 739 1190 existere
759 1127 819 1188 alia
839 1126 1046 1210 phsenomena
1068 1125 1149 1190 clare
1163 1125 1346 1202 docuerant,
1370 1137 1465 1210 atque

187 1253 324 1302 summus
338 1235 552 1320 explicationis
567 1255 639 1296 cum
653 1231 843 1317 experientiis
866 1255 1034 1297 consensus
1049 1231 1310 1317 deprehendatur,
1334 1231 1464 1296 dubium

187 1347 245 1410 erit
259 1346 379 1410 nullum
394 1345 470 1430 quin
485 1344 544 1406 ista
557 1341 723 1436 explicatio
738 1342 777 1405 sit
791 1341 927 1428 genuina
941 1354 973 1405 et
988 1340 1053 1404 sola
1067 1363 1150 1406 vera.

230 1459 253 1534 i.
270 1462 300 1518 8.
324 1450 477 1528 Quamvis
492 1463 596 1512 autem
609 1447 703 1511 certis
716 1447 834 1510 viribus
850 1447 951 1512 Lunoe
964 1469 1002 1511 ac
1017 1447 1084 1512 soli
1098 1445 1271 1513 tribuendis
1285 1445 1465 1531 phaenome·
1485 1501 1488 1506 .

186 1579 251 1622 non
266 1557 360 1622 sennis
374 1558 468 1620 maris
482 1552 645 1619 commode
660 1554 808 1640 explicari
822 1567 936 1638 posset,
953 1566 1056 1618 tamen
1072 1555 1116 1618 ob
1130 1554 1212 1618 hanc
1226 1553 1324 1618 solam
1338 1575 1463 1620 causam
1483 1593 1486 1630 =

186 1665 360 1730 istiusmodi
382 1665 461 1728 vires
484 1675 617 1728 stamme
638 1665 730 1726 nimis
745 1661 848 1726 audax
861 1663 1001 1726 videtur-r
1024 1665 1225 1749 quamobrem
1240 1664 1391 1748 imprimis
1405 1665 1466 1726 erit

188 1771 423 1858 dispiciendum,
439 1793 516 1836 num
529 1771 598 1835 alioe
613 1772 747 1835 rationes
761 1769 912 1855 ejusmodi
926 1771 1007 1834 vires
1021 1791 1085 1834 non
1101 1769 1202 1834 solum
1217 1771 1392 1846 admittant,
1408 1769 1466 1833 sed
1482 1778 1487 1788 '

189 1883 283 1946 etiam
303 1895 376 1946 actu
396 1883 529 1946 enatare
549 1880 711 1948 manifeatd
732 1881 879 1946 indicent.
926 1881 1153 1946 Perlnstremus
1167 1881 1262 1968 igitur
1276 1883 1366 1958 vires,
1390 1903 1467 1968 quas

182 1987 250 2072 jam
271 1985 396 2052 aliundd
416 1987 449 2050 in
471 1987 589 2052 mundo
611 1987 714 2074 vigere
728 1988 879 2064 novimus,
898 1987 1148 2072 sciscitemurque
1163 1987 1271 2071 paucis
1287 2005 1327 2050 an
1342 1986 1384 2050 ad
1398 2007 1467 2049 mo-

189 2104 256 2156 tum
277 2093 471 2175 reciprocum
492 2115 609 2166 oceano
630 2093 841 2158 inducendum
856 2094 919 2158 sint
939 2093 1080 2168 idonens
1101 2093 1179 2157 tales
1190 2093 1277 2156 enim
1291 2093 1373 2156 vires
1387 2093 1414 2155 si
1434 2091 1468 2154 in

188 2197 308 2263 mundo
318 2199 384 2282 jam
398 2209 515 2276 extent,
530 2200 631 2262 omnis
645 2199 735 2262 labor
747 2201 781 2262 in
796 2199 864 2262 aliis
878 2198 1070 2284 inquirendis
1091 2199 1249 2282 impensus
1267 2197 1374 2260 irritus
1387 2195 1471 2260 foret

189 2324 227 2366 ac
253 2301 412 2368 ridiculus.
468 2305 520 2368 Ac
547 2304 651 2390 primb
680 2304 805 2390 quaidem
833 2305 859 2368 si
890 2305 995 2370 Solem
1024 2317 1209 2390 spectamus,
1231 2316 1336 2368 motus
1356 2299 1470 2366 Terras

191 2431 312 2476 annuns
330 2411 459 2476 onmind
480 2414 617 2482 declarat
631 2415 763 2479 Terram
784 2413 937 2500 perpetub
953 2412 1061 2478 versds
1076 2413 1181 2478 Solem
1195 2413 1312 2502 urgeri,
1335 2423 1368 2478 et
1381 2411 1470 2498 quast

191 2517 313 2594 arnalii,
336 2518 431 2604 idque
451 2519 561 2586 fortius
583 2522 616 2586 in
634 2522 749 2586 minori
763 2521 919 2601 dbtantia,
935 2521 1067 2586 debilius
1081 2519 1159 2584 verb
1177 2521 1210 2584 in
1224 2520 1350 2605 majori;
1375 2529 1471 2605 atque

190 2621 269 2688 adad
291 2623 373 2688 hanc
384 2626 468 2692 Solis
490 2628 553 2692 vim
574 2629 607 2692 in
618 2629 762 2719 Terram
782 2631 935 2694 rationem
953 2641 1061 2694 tenere
1073 2629 1266 2714 reciprocam
1280 2627 1470 2712 duplicatam

191 2730 426 2799 distantiarum:
449 2756 489 2798 ex
501 2757 567 2820 quo
579 2736 692 2820 sponte
706 2738 845 2823 aequitiu
858 2759 922 2800 non
937 2735 1040 2802 solium
1054 2737 1230 2802 nniversam
1245 2736 1389 2813 Terram,
1414 2733 1471 2800 sed

191 2838 285 2902 etiam
308 2838 445 2926 singulas
467 2842 533 2926 ejus
551 2854 657 2926 partes
670 2841 944 2927 perpetraveram
961 2843 1066 2908 Solem
1080 2844 1194 2930 urgeri.
1240 2841 1324 2908 Tota
1344 2840 1473 2928 quidem

193 2943 296 3008 Terra
315 2945 405 3031 aequd
425 2945 545 3012 sortiter
566 2947 607 3013 ad
630 2948 736 3015 Solem
758 2949 948 3028 sollicitatur,
971 2971 1009 3014 ac
1030 2950 1056 3014 si
1077 2950 1178 3014 omnis
1200 2948 1330 3014 materia
1349 2948 1384 3012 in
1404 2948 1473 3032 ejas

192 3061 299 3112 centro
320 3063 402 3114 esset
422 3066 587 3140 congestu
612 3056 737 3120 interim
758 3069 864 3124 tamen
884 3069 988 3140 partes
1007 3057 1094 3122 cuca
1114 3055 1311 3140 superficiem
1332 3056 1399 3120 sitae
1420 3053 1474 3118 vel

192 3155 291 3238 magis
305 3155 354 3218 vel
367 3156 470 3222 minus
490 3159 531 3222 ad
550 3159 660 3224 Solem
670 3161 856 3240 allicientem,
871 3161 964 3246 quim
978 3173 1079 3226 totum
1094 3161 1206 3227 Terrae
1220 3181 1345 3246 corpus,
1366 3161 1474 3246 prouti

193 3259 243 3322 vel
264 3259 366 3324 minis
388 3262 437 3326 val
457 3265 557 3350 magis
578 3265 787 3332 maranata
804 3289 826 3330 a
844 3267 929 3343 sole,
944 3266 1036 3352 quam
1058 3281 1200 3332 cannam
1218 3267 1338 3332 Terroe.
1384 3267 1475 3332 Hinc
1518 3299 1524 3310 ·

193 3369 1071 3456 igitmlitutbaeceademvisadsolemtendens
1100 3395 1213 3462 aquam
1240 3371 1471 3462 modbmagis,

60 3571 66 3578 ἱ
191 3477 290 3560 Ιιιιοόὸ
309 3480 413 3546 minus
435 3481 546 3558 trabat,
568 3503 610 3546 ex
631 3481 694 3568 qui
714 3480 832 3547 altarmi
855 3481 975 3546 actione
993 3495 1095 3546 motus
1117 3477 1293 3568 reciprocus
1315 3483 1348 3548 in
1368 3481 1473 3547 fluidis

194 3584 368 3650 necessario
397 3587 472 3650 on'ri
499 3585 601 3652 debet.
661 3586 819 3662 Quocirca
846 3587 907 3652 ista
936 3587 1017 3654 Solis
1044 3589 1091 3652 vis
1118 3589 1152 3652 in
1177 3590 1323 3674 prasenti
1346 3589 1473 3678 negotio

195 3694 375 3778 neutiquam
399 3693 516 3780 negligi
533 3693 658 3779 poterit,
684 3692 765 3758 crim·
782 3715 828 3771 ea,
855 3694 881 3758 si
906 3692 986 3758 forte
1008 3693 1074 3758 sola
1100 3717 1227 3760 causam
1255 3695 1349 3760 aestirs
1377 3695 1472 3759 nnris

196 3821 260 3862 non
282 3799 449 3878 consumit,
472 3799 555 3866 certe
577 3800 721 3866 effectum
741 3800 872 3866 darum
887 3799 1000 3864 virium
1014 3801 1189 3868 necessarm
1203 3800 1325 3868 afficere
1347 3823 1385 3866 ac
1404 3812 1472 3866 tur-

196 3907 271 3970 bare
293 3905 413 3974 debent

240 4018 263 4095 i.
280 4023 310 4078 9.
333 4015 608 4092 Quemadmodrim
629 4032 732 4086 autem
754 4019 855 4084 Terra
875 4041 948 4084 cam
968 4020 1113 4086 omnibus
1128 4021 1191 4085 siris
1204 4021 1345 4107 partibus
1366 4016 1474 4085 vereris

201 4120 305 4184 Solem
327 4123 508 4192 sollicitatur
516 4152 525 4203 3
548 4129 591 4192 ita
612 4150 720 4193 eorum
734 4129 885 4196 sententia
904 4151 968 4192 non
983 4127 1117 4194 multrim
1131 4152 1150 4193 a
1163 4130 1291 4196 veritate
1306 4107 1475 4194 abhorrere

200 4227 331 4305 videtur,
359 4231 412 4314 qui
435 4233 469 4295 in
495 4233 587 4298 Lunt
601 4235 744 4311 ¹similem
767 4236 830 4298 vim
859 4235 1022 4300 collocant.
1082 4235 1324 4300 Observationes
1350 4234 1476 4321 quidem

198 4336 375 4425 hujusmodi
385 4341 447 4404 vim
462 4341 496 4406 in
510 4343 602 4418 Luni
616 4365 681 4408 non
695 4343 908 4408 demonstrant
924 4344 1013 4408 sicuti
1027 4343 1061 4407 in
1075 4343 1167 4418 Sole3
1188 4341 1262 4406 crim
1276 4354 1379 4408 motus
1392 4340 1474 4405 Ter-

197 4467 242 4510 rae
257 4447 291 4510 in
305 4446 405 4510 orbiti
420 4447 474 4512 ausi
489 4471 509 4512 a
523 4449 615 4514 Lunai
630 4448 757 4512 omnini)
772 4471 836 4512 non
850 4449 931 4512 affici
951 4448 1220 4532 deprehendatur:
1244 4449 1299 4512 sed
1314 4449 1341 4512 si
1362 4448 1476 4512 ἀοοιιο-

198 4555 297 4629 rimus
312 4555 443 4620 eandem
457 4556 520 4620 vim
534 4555 574 4618 ad
589 4555 713 4620 Lunam
728 4557 952 4640 respicientem,
976 4575 1046 4639 quae
1059 4555 1150 4618 aestui
1163 4555 1258 4617 maris
1272 4553 1477 4639 producendo

199 4661 240 4724 sit
259 4681 327 4744 par,
349 4659 383 4722 in
404 4674 492 4724 motu
514 4660 624 4724 Terrae
645 4661 764 4726 nullam
786 4661 961 4726 sensibilem
976 4661 1160 4724 momeliam
1174 4660 1346 4744 producere
1361 4661 1474 4735 valere,

202 4765 340 4838 andacia,
364 4787 434 4842 qaae
456 4765 535 4832 sorte
556 4767 590 4830 in
611 4768 680 4832 talia
701 4768 747 4830 uis
768 4765 953 4832 admissione
969 4767 1135 4830 consistere
1149 4766 1322 4847 videbatur,
1344 4764 1477 4834 multrim
