3516 5870
422 501 611 612 rtuxus
632 543 694 610 nc
720 541 973 612 nuruuxus
996 543 1156 626 ulnis.
1362 549 1425 608 aaa

94 761 96 766 .
150 713 377 800 adjudicantur,
394 725 486 800 atque
500 715 540 778 ud
554 711 809 777 omneetheorias
824 714 912 801 aqud
926 717 1093 800 pertinent.
1130 713 1345 791 Quamobrem
1358 711 1430 776 ulti-

150 845 236 888 mum
256 824 316 889 hoc
339 826 444 910 Caput
467 823 684 888 destinavimus
706 824 903 908 explicationi
924 825 1202 910 phaenomenorum
1223 821 1429 907 quorumdam
1511 875 1514 886 .

151 931 363 1018 singularium,
386 949 518 1016 quorum
539 949 632 992 causa
652 950 717 992 non
730 944 794 992 tam
808 930 842 992 in
862 928 927 1012 ipsi
943 931 1023 1015 a'qurl
1038 932 1219 1015 viribusque
1233 949 1301 992 eam
1317 928 1431 992 sollici-

152 1040 301 1119 tantibus,
317 1038 409 1126 qudm
423 1040 455 1102 in
471 1035 572 1102 Termi
587 1037 757 1103 continenti
771 1037 987 1123 littoribusque
1001 1049 1049 1100 est
1063 1037 1250 1122 quoerenda:
1272 1036 1333 1100 hac
1347 1037 1429 1099 enim

149 1161 238 1234 perte
258 1147 396 1214 absoluat
417 1147 497 1212 nihil
518 1145 651 1232 amplids
666 1159 781 1211 restare
795 1146 928 1224 videtur,
949 1147 1033 1233 quod
1049 1147 1098 1211 vel
1112 1146 1154 1210 ad
1169 1147 1297 1210 theoriae
1312 1161 1429 1212 nostre

153 1254 426 1332 confirmationem,
449 1253 499 1317 vel
520 1253 560 1317 ad
582 1252 1022 1338 omniumphaenomenorum
1040 1253 1236 1348 adaequatnm
1250 1253 1430 1338 explicatio-

148 1383 219 1424 nem
234 1360 404 1426 desiderari
419 1369 522 1446 queat.
571 1359 722 1435 Quamvis
745 1361 829 1424 enim
849 1359 1054 1425 illustrissime
1069 1359 1242 1426 Academia
1257 1371 1356 1426 toturn
1371 1361 1432 1426 hoc

90 1461 96 1470 ’
147 1479 364 1554 argumentum
385 1486 450 1528 non
470 1462 594 1550 penitds
616 1463 774 1530 exhauriri
791 1466 910 1551 jubeat,
933 1464 1004 1532 edm
1026 1467 1131 1532 adhuc
1150 1468 1316 1534 nonnullas
1330 1492 1430 1555 quaes-

146 1568 246 1638 ¹tiones
267 1573 308 1636 de
332 1571 444 1637 eodem
463 1573 497 1638 in
517 1586 678 1657 posterum
698 1596 875 1658 proponere
897 1576 1115 1654 constituisset,
1145 1589 1251 1642 tamen
1269 1578 1344 1663 quia
1369 1577 1431 1642 boo

146 1693 287 1764 tempore
308 1701 382 1744 vera
404 1700 496 1744 causa
515 1679 644 1766 physica
666 1681 869 1758 desideratur,
891 1683 1052 1748 veritatem
1066 1695 1189 1772 nostrae
1211 1684 1342 1750 theoriae
1366 1707 1431 1748 non

147 1789 220 1852 satis
235 1787 412 1853 confirmed
428 1789 623 1868 arbitramur,
640 1790 699 1854 nisi
712 1792 779 1875 ejus
793 1791 1044 1856 convenientiam
1059 1812 1131 1854 cum
1142 1793 1286 1857 omnibus
1300 1791 1431 1878 phoeno-

146 1894 245 1959 menis
260 1893 395 1960 dilucide
409 1895 652 1972 ostenderemus,
677 1893 789 1960 cdmsi
806 1897 856 1960 vel
873 1897 1001 1962 unicum
1017 1895 1246 1980 phoenomenon
1262 1895 1432 1984 refragare·

148 2016 209 2082 tur,
235 2026 274 2070 eo
297 2005 367 2090 ipso
390 2016 456 2069 tota
477 2004 596 2069 theoria
622 2005 869 2081 subvertereturr
892 2027 985 2090 quarn
1008 2006 1050 2070 ob
1073 2026 1198 2070 causam
1223 2004 1432 2088 prolixitatem

146 2125 264 2176 nostrae
283 2113 483 2190 tractationis,
507 2125 599 2199 atque
619 2111 896 2202 trarrsg'ressionem
912 2114 1046 2179 limitum
1066 2114 1320 2199 prescriptorum
1340 2115 1432 2180 nobie
1527 2113 1528 2116 ’

150 2217 218 2282 sine
233 2217 414 2282 difficrdtate
428 2217 638 2284 condonatum
652 2221 692 2283 iri
706 2219 900 2284 confidimus.
927 2243 935 2260 ·

189 2329 214 2406 ᾗ.
233 2333 305 2390 113.
330 2323 472 2391 Primrlm
485 2339 589 2390 autem
603 2324 802 2412 perspicuum
815 2339 873 2404 est,
889 2339 1009 2391 motum
1023 2326 1117 2390 moris
1131 2327 1355 2392 horizontalem
1370 2349 1433 2413 quo

145 2429 196 2494 vel
208 2430 316 2496 versds
330 2433 482 2496 orientem
496 2433 545 2498 vel
560 2433 753 2498 occidentem
767 2435 976 2522 progreditur,
1000 2435 1041 2499 ob
1057 2435 1190 2499 Terram
1211 2436 1429 2520 interpositam

146 2559 212 2602 non
233 2539 335 2604 solum
355 2539 541 2624 permrbari,
565 2538 674 2604 verdm
688 2541 780 2606 etiam
794 2540 983 2626 quandoque
1003 2563 1131 2626 prorsus
1149 2541 1293 2625 impediri
1307 2521 1433 2606 debere.
1467 2581 1471 2588 ·

147 2645 250 2731 Supnl
265 2648 348 2712 enirn
356 2647 565 2726 ostendimus,
581 2650 608 2712 si
627 2661 693 2714 tota
706 2649 810 2713 Terra
824 2647 913 2734 aqud,
924 2661 1005 2713 esset
1018 2649 1213 2725 eoeumsusa,
1236 2662 1305 2713 tum
1318 2649 1434 2734 ubique

144 2753 186 2816 ad
206 2755 327 2820 fluxum
348 2755 546 2820 formmdum
567 2777 681 2841 aqrram
701 2755 743 2820 ab
764 2755 885 2820 oriente
905 2754 1019 2820 advehi
1040 2756 1169 2832 debere,
1190 2767 1264 2820 ante
1278 2756 1432 2820 refluxum

144 2871 247 2925 autern
271 2859 377 2926 versds
402 2873 506 2926 ortum
531 2862 677 2926 defluere
721 2861 822 2936 Qrod
841 2862 869 2926 si
893 2883 970 2950 ergo
992 2882 1126 2926 oceanus
1146 2858 1255 2926 vereda
1275 2862 1431 2924 orientem
1516 2879 1523 2886 ·

145 2965 254 3034 Terris
277 2967 471 3044 terminetur,
493 2967 562 3032 fieri
587 2969 716 3032 omnino
739 2969 849 3054 nequit
873 2979 1014 3052 tempore
1037 2966 1143 3033 fluxim
1169 2968 1213 3032 ad
1232 2967 1302 3032 haec
1327 2969 1433 3034 littora
1559 2999 1562 3006 ·

145 3093 226 3156 aqua
246 3071 287 3136 ab
308 3073 427 3138 oriente
448 3073 563 3150 affluat,
585 3093 649 3158 quo
664 3075 734 3156 ipso
749 3095 859 3136 cursus
871 3097 961 3158 aquae
975 3075 1125 3140 naturalis
1139 3073 1264 3156 penitds
1278 3077 1433 3159 impedie-

145 3189 207 3242 tur.
251 3178 412 3253 Quoniam
426 3191 529 3244 autem
543 3179 625 3243 vires
640 3177 721 3242 solis
737 3199 774 3242 ac
795 3177 898 3242 Lunae
912 3176 1114 3242 nihilominds
1131 3177 1181 3242 his
1202 3180 1236 3243 in
1251 3182 1433 3268 regionibus

145 3304 232 3350 mare
253 3287 394 3351 attollere
415 3300 577 3364 conantur,
600 3286 744 3350 effectum
767 3285 915 3372 consequi
938 3305 1002 3349 uon
1024 3297 1183 3369 poterunt,
1207 3287 1268 3351 nisi
1291 3311 1372 3375 aquo
1392 3291 1433 3356 ab

145 3395 307 3461 occidente
320 3395 484 3463 afferatur:
508 3399 552 3462 sic
566 3398 693 3483 quaudo
707 3397 748 3461 ad
762 3397 869 3462 littora
884 3395 1022 3480 Europae
1036 3419 1117 3482 aqua
1130 3420 1151 3461 a
1165 3397 1283 3463 viribus
1299 3401 1381 3466 Solis
1395 3423 1433 3468 ao

146 3503 248 3568 Lunae
268 3505 415 3582 elevatur,
438 3527 519 3591 aque
532 3505 572 3569 ab
587 3504 747 3569 occidente
761 3503 800 3568 eb
814 3503 971 3568 deferatur
984 3525 1109 3568 necesse
1125 3516 1180 3582 est,
1203 3505 1244 3568 ab
1259 3505 1296 3570 iis
1310 3508 1431 3574 scilicet

145 3613 333 3699 regionibus,
357 3613 411 3678 ubi
433 3632 514 3699 aqua
527 3613 638 3677 eodeni
656 3625 796 3696 tempore
814 3611 1005 3696 deprimetur
1015 3635 1025 3687 3
1047 3605 1133 3698 quod
1154 3609 1237 3678 idem
1254 3613 1323 3677 fieri
1339 3615 1433 3681 debet

144 3719 190 3785 ad.
205 3721 310 3785 littora
325 3721 443 3786 Africae
458 3734 489 3786 et
503 3723 659 3786 Americae
683 3719 895 3786 occidentalia.
942 3718 1062 3784 contra
1074 3718 1150 3784 verb
1165 3719 1206 3784 ed
1221 3720 1329 3786 littora
1343 3724 1433 3788 Arte

146 3841 177 3891 et
201 3830 354 3894 Amice
380 3829 542 3895 orientalia
566 3851 648 3916 aqua
672 3828 807 3892 namrali
832 3840 919 3912 motu
945 3825 1069 3906 feretur,
1097 3839 1190 3914 etque
1215 3828 1362 3892 influxu
1390 3831 1435 3896 ab

60 4003 63 4008 ¹
148 3933 264 3998 oriente
277 3936 429 4016 adveniet,
446 3937 479 4000 in
494 3937 615 4001 refluxu
629 3935 704 4000 verd
719 3933 827 4000 versds
842 3935 992 4000 orientem
1007 3933 1142 4000 recedet.
1166 3983 1171 3992 .
1187 3935 1279 3999 Vires
1294 3956 1430 4022 namque

149 4039 230 4104 Solis
252 4063 288 4104 ac
309 4043 410 4108 Luam
431 4057 551 4108 motum
572 4065 664 4131 aquoe
684 4041 908 4107 horizontalem
929 4063 993 4106 uon
1014 4062 1119 4126 perse
1133 4041 1350 4122 determinant,
1374 4044 1430 4109 sed

147 4147 273 4212 eatenus
294 4159 423 4230 tantum,
447 4151 599 4238 quatenus
614 4149 681 4215 aliis
700 4151 735 4215 iu
755 4148 832 4213 locis
847 4171 960 4234 aquam
973 4148 1129 4228 attollunt,
1145 4148 1213 4214 aliis
1227 4147 1304 4212 verb
1318 4149 1430 4214 eodem

148 4248 511 4338 ternpore‘deprimrmt3
548 4267 642 4343 atque
667 4277 749 4342 aqua
774 4254 816 4320 ob
839 4255 999 4340 propriam
1023 4252 1206 4341 gravitatem
1231 4275 1303 4318 eum
1324 4255 1431 4342 ¹seligit

147 4371 278 4437 notum,
301 4379 364 4444 quo
378 4359 528 4428 ,facillime
549 4385 569 4428 a
588 4363 665 4428 locis
680 4363 793 4450 quibus
807 4361 1001 4447 deprimitur,
1016 4359 1057 4424 ed
1070 4361 1140 4425 loca
1153 4361 1265 4450 quibus
1279 4361 1431 4428 attollitur

145 4481 384 4554 promoveatur:
407 4474 609 4558 quamobrem
626 4475 688 4539 iste
709 4485 812 4539 motus
835 4470 970 4538 maxime
991 4494 1013 4537 a
1026 4471 1136 4536 Terris
1156 4491 1308 4546 oceanum
1331 4475 1431 4541 inclu-

147 4575 293 4641 dentibus
308 4577 530 4644 detenninetur
545 4605 671 4648 necesse
685 4593 740 4646 est
788 4581 876 4646 Hinc
889 4582 985 4668 igitur
999 4580 1160 4666 perspecti
1175 4583 1327 4667 positione
1346 4585 1430 4652 litto-

148 4703 221 4745 rum
244 4683 379 4768 cujusvis
401 4687 495 4749 maris
517 4685 605 4753 tircild
619 4690 743 4754 definiri
764 4690 888 4774 poterit,
912 4711 1078 4774 equanam
1092 4688 1184 4776 plagrl
1200 4712 1281 4776 aqua
1294 4691 1326 4754 in
1341 4694 1429 4758 fluxu

149 4789 262 4868 venire,
286 4813 496 4882 quorsumque
517 4794 550 4860 in
573 4799 694 4864 refluxu
715 4797 866 4866 decedere
888 4795 1008 4878 debeat,
1033 4797 1059 4864 si
1079 4796 1174 4864 modd
1197 4797 1381 4866 elevationes
1398 4814 1429 4866 et
