<?xml version="1.0" encoding="UTF-8"?>
<!DOCTYPE html PUBLIC "-//W3C//DTD XHTML 1.0 Transitional//EN"
    "http://www.w3.org/TR/xhtml1/DTD/xhtml1-transitional.dtd">
<html xmlns="http://www.w3.org/1999/xhtml" xml:lang="en" lang="en">
 <head>
  <title>
</title>
<meta http-equiv="Content-Type" content="text/html;charset=utf-8" />
  <meta name='ocr-system' content='tesseract 3.04.00' />
  <meta name='ocr-capabilities' content='ocr_page ocr_carea ocr_par ocr_line ocrx_word'/>
</head>
<body>
  <div class='ocr_page' id='page_1' title='image "./philosophinatur03wriggoog_0366.png"; bbox 0 0 3516 5870; ppageno 0'>
   <div class='ocr_carea' id='block_1_1' title="bbox 376 453 1474 563">
    <p class='ocr_par' dir='ltr' id='par_1_1' title="bbox 376 453 1474 563">
     <span class='ocr_line' id='line_1_1' title="bbox 376 453 1474 563; baseline -0.007 0"><span class='ocrx_word' id='word_1_1' title='bbox 376 493 567 563; x_wconf 81' lang='lat' dir='ltr'>rnuxus</span> <span class='ocrx_word' id='word_1_2' title='bbox 589 493 650 558; x_wconf 79' lang='lat' dir='ltr'>sc</span> <span class='ocrx_word' id='word_1_3' title='bbox 673 491 926 559; x_wconf 78' lang='lat' dir='ltr'>auntuxus</span> <span class='ocrx_word' id='word_1_4' title='bbox 950 491 1107 558; x_wconf 76' lang='lat' dir='ltr'>Marus</span> <span class='ocrx_word' id='word_1_5' title='bbox 1318 500 1379 556; x_wconf 79' lang='lat' dir='ltr'>sm</span> <span class='ocrx_word' id='word_1_6' title='bbox 1410 537 1424 548; x_wconf 54' lang='lat'>„</span> <span class='ocrx_word' id='word_1_7' title='bbox 1471 453 1474 461; x_wconf 82' lang='grc'><strong>’</strong></span> 
     </span>
    </p>
   </div>
   <div class='ocr_carea' id='block_1_2' title="bbox 104 661 1398 3010">
    <p class='ocr_par' dir='ltr' id='par_1_2' title="bbox 104 661 1385 1165">
     <span class='ocr_line' id='line_1_2' title="bbox 105 661 1380 748; baseline -0.006 -16"><span class='ocrx_word' id='word_1_8' title='bbox 105 679 151 732; x_wconf 89' lang='lat' dir='ltr'>ter</span> <span class='ocrx_word' id='word_1_9' title='bbox 172 687 314 732; x_wconf 81' lang='lat' dir='ltr'>enormes</span> <span class='ocrx_word' id='word_1_10' title='bbox 335 667 386 730; x_wconf 93' lang='lat' dir='ltr'>vel</span> <span class='ocrx_word' id='word_1_11' title='bbox 406 667 466 730; x_wconf 59' lang='lat' dir='ltr'>vix*</span> <span class='ocrx_word' id='word_1_12' title='bbox 481 664 650 739; x_wconf 78' lang='lat' dir='ltr'>sensibiles,</span> <span class='ocrx_word' id='word_1_13' title='bbox 672 663 718 726; x_wconf 81' lang='lat' dir='ltr'>uti</span> <span class='ocrx_word' id='word_1_14' title='bbox 739 663 773 726; x_wconf 90' lang='lat' dir='ltr'>in</span> <span class='ocrx_word' id='word_1_15' title='bbox 796 662 881 726; x_wconf 89' lang='lat' dir='ltr'>Mari</span> <span class='ocrx_word' id='word_1_16' title='bbox 904 663 1148 739; x_wconf 84' lang='lat' dir='ltr'>Mediterraneo,</span> <span class='ocrx_word' id='word_1_17' title='bbox 1171 661 1218 726; x_wconf 88' lang='lat' dir='ltr'>vel</span> <span class='ocrx_word' id='word_1_18' title='bbox 1239 661 1380 748; x_wconf 82' lang='lat' dir='ltr'>insignes</span> 
     </span>
     <span class='ocr_line' id='line_1_3' title="bbox 104 768 1384 860; baseline -0.005 -22"><span class='ocrx_word' id='word_1_19' title='bbox 104 774 325 838; x_wconf 79' lang='lat' dir='ltr'>retardationes</span> <span class='ocrx_word' id='word_1_20' title='bbox 348 793 467 849; x_wconf 84' lang='lat' dir='ltr'>eorum,</span> <span class='ocrx_word' id='word_1_21' title='bbox 492 771 603 856; x_wconf 88' lang='lat' dir='ltr'>quibus</span> <span class='ocrx_word' id='word_1_22' title='bbox 629 769 722 860; x_wconf 85' lang='lat' dir='ltr'>rebus¹</span> <span class='ocrx_word' id='word_1_23' title='bbox 747 769 940 853; x_wconf 80' lang='lat' dir='ltr'>explicandis</span> <span class='ocrx_word' id='word_1_24' title='bbox 962 793 1093 857; x_wconf 90' lang='lat' dir='ltr'>sequens</span> <span class='ocrx_word' id='word_1_25' title='bbox 1117 770 1222 855; x_wconf 88' lang='lat' dir='ltr'>Caput</span> <span class='ocrx_word' id='word_1_26' title='bbox 1240 768 1384 833; x_wconf 89' lang='lat' dir='ltr'>ultimum</span> 
     </span>
     <span class='ocr_line' id='line_1_4' title="bbox 105 879 1385 964; baseline -0.006 -15"><span class='ocrx_word' id='word_1_27' title='bbox 105 885 344 950; x_wconf 81' lang='lat' dir='ltr'>destinavimus:</span> <span class='ocrx_word' id='word_1_28' title='bbox 366 886 409 948; x_wconf 89' lang='lat' dir='ltr'>ita</span> <span class='ocrx_word' id='word_1_29' title='bbox 427 884 462 945; x_wconf 91' lang='lat' dir='ltr'>in</span> <span class='ocrx_word' id='word_1_30' title='bbox 481 881 543 944; x_wconf 93' lang='lat' dir='ltr'>hoc</span> <span class='ocrx_word' id='word_1_31' title='bbox 565 881 677 964; x_wconf 78' lang='lat' dir='ltr'>Capite</span> <span class='ocrx_word' id='word_1_32' title='bbox 699 891 820 944; x_wconf 87' lang='lat' dir='ltr'>tautum</span> <span class='ocrx_word' id='word_1_33' title='bbox 833 901 869 942; x_wconf 88' lang='lat' dir='ltr'>ea</span> <span class='ocrx_word' id='word_1_34' title='bbox 883 880 978 944; x_wconf 81' lang='lat' dir='ltr'>oestlrs</span> <span class='ocrx_word' id='word_1_35' title='bbox 992 881 1086 944; x_wconf 90' lang='lat' dir='ltr'>maris</span> <span class='ocrx_word' id='word_1_36' title='bbox 1107 879 1315 963; x_wconf 75' lang='lat' dir='ltr'>phaenomena</span> <span class='ocrx_word' id='word_1_37' title='bbox 1329 901 1385 942; x_wconf 83' lang='lat' dir='ltr'>ex-</span> 
     </span>
     <span class='ocr_line' id='line_1_5' title="bbox 105 987 1385 1078; baseline -0.003 -22"><span class='ocrx_word' id='word_1_38' title='bbox 105 993 251 1078; x_wconf 83' lang='lat' dir='ltr'>plicanda</span> <span class='ocrx_word' id='word_1_39' title='bbox 265 993 456 1078; x_wconf 83' lang='lat' dir='ltr'>suscipimus,</span> <span class='ocrx_word' id='word_1_40' title='bbox 479 1013 550 1077; x_wconf 85' lang='lat' dir='ltr'>quae</span> <span class='ocrx_word' id='word_1_41' title='bbox 569 990 603 1052; x_wconf 89' lang='lat' dir='ltr'>in</span> <span class='ocrx_word' id='word_1_42' title='bbox 621 989 775 1074; x_wconf 91' lang='lat' dir='ltr'>portubus</span> <span class='ocrx_word' id='word_1_43' title='bbox 789 987 1013 1073; x_wconf 82' lang='lat' dir='ltr'>amplissimum</span> <span class='ocrx_word' id='word_1_44' title='bbox 1029 1009 1181 1054; x_wconf 82' lang='lat' dir='ltr'>oceanum</span> <span class='ocrx_word' id='word_1_45' title='bbox 1195 987 1385 1074; x_wconf 87' lang='lat' dir='ltr'>respicienti·</span> 
     </span>
     <span class='ocr_line' id='line_1_6' title="bbox 106 1095 915 1165; baseline -0.007 0"><span class='ocrx_word' id='word_1_46' title='bbox 106 1095 915 1165; x_wconf 69' lang='lat' dir='ltr'>busvelimulisobservarisolestmomnostris</span> 
     </span>
    </p>

    <p class='ocr_par' dir='ltr' id='par_1_3' title="bbox 105 1203 1398 3010">
     <span class='ocr_line' id='line_1_7' title="bbox 147 1203 1386 1294; baseline -0.008 -16"><span class='ocrx_word' id='word_1_47' title='bbox 147 1219 171 1294; x_wconf 71' lang='lat'>§-</span> <span class='ocrx_word' id='word_1_48' title='bbox 187 1221 238 1278; x_wconf 84' lang='lat'>99.</span> <span class='ocrx_word' id='word_1_49' title='bbox 264 1209 298 1275; x_wconf 88' lang='lat' dir='ltr'>Si</span> <span class='ocrx_word' id='word_1_50' title='bbox 311 1231 419 1274; x_wconf 92' lang='lat' dir='ltr'>omnes</span> <span class='ocrx_word' id='word_1_51' title='bbox 433 1208 649 1292; x_wconf 78' lang='lat' dir='ltr'>proprietates,</span> <span class='ocrx_word' id='word_1_52' title='bbox 672 1205 784 1290; x_wconf 87' lang='lat' dir='ltr'>qmbus</span> <span class='ocrx_word' id='word_1_53' title='bbox 797 1206 902 1269; x_wconf 88' lang='lat' dir='ltr'>fluxus</span> <span class='ocrx_word' id='word_1_54' title='bbox 917 1227 954 1269; x_wconf 89' lang='lat' dir='ltr'>ac</span> <span class='ocrx_word' id='word_1_55' title='bbox 967 1206 1106 1270; x_wconf 80' lang='lat' dir='ltr'>refluxus</span> <span class='ocrx_word' id='word_1_56' title='bbox 1120 1203 1214 1270; x_wconf 87' lang='lat' dir='ltr'>maris</span> <span class='ocrx_word' id='word_1_57' title='bbox 1235 1203 1386 1290; x_wconf 81' lang='lat' dir='ltr'>praeditus</span> 
     </span>
     <span class='ocr_line' id='line_1_8' title="bbox 107 1311 1390 1397; baseline -0.005 -17"><span class='ocrx_word' id='word_1_58' title='bbox 107 1341 175 1380; x_wconf 91' lang='lat' dir='ltr'>esse</span> <span class='ocrx_word' id='word_1_59' title='bbox 189 1317 380 1392; x_wconf 84' lang='lat' dir='ltr'>observatur,</span> <span class='ocrx_word' id='word_1_60' title='bbox 404 1313 549 1378; x_wconf 70' lang='lat' dir='ltr'>distincti</span> <span class='ocrx_word' id='word_1_61' title='bbox 570 1333 753 1378; x_wconf 88' lang='lat' dir='ltr'>enumerare</span> <span class='ocrx_word' id='word_1_62' title='bbox 772 1325 863 1397; x_wconf 88' lang='lat' dir='ltr'>atque</span> <span class='ocrx_word' id='word_1_63' title='bbox 878 1333 1036 1396; x_wconf 88' lang='lat' dir='ltr'>exponere</span> <span class='ocrx_word' id='word_1_64' title='bbox 1049 1313 1190 1389; x_wconf 87' lang='lat' dir='ltr'>velimus,</span> <span class='ocrx_word' id='word_1_65' title='bbox 1214 1311 1390 1396; x_wconf 90' lang='lat' dir='ltr'>deprehen-</span> 
     </span>
     <span class='ocr_line' id='line_1_9' title="bbox 106 1417 1390 1503; baseline -0.004 -16"><span class='ocrx_word' id='word_1_66' title='bbox 106 1423 219 1488; x_wconf 88' lang='lat' dir='ltr'>demus</span> <span class='ocrx_word' id='word_1_67' title='bbox 236 1446 288 1488; x_wconf 90' lang='lat' dir='ltr'>eas</span> <span class='ocrx_word' id='word_1_68' title='bbox 312 1421 352 1488; x_wconf 87' lang='lat' dir='ltr'>ad</span> <span class='ocrx_word' id='word_1_69' title='bbox 374 1425 437 1486; x_wconf 87' lang='lat' dir='ltr'>tres</span> <span class='ocrx_word' id='word_1_70' title='bbox 460 1419 572 1484; x_wconf 82' lang='lat' dir='ltr'>classes</span> <span class='ocrx_word' id='word_1_71' title='bbox 587 1419 725 1483; x_wconf 87' lang='lat' dir='ltr'>revocari</span> <span class='ocrx_word' id='word_1_72' title='bbox 744 1417 868 1482; x_wconf 84' lang='lat' dir='ltr'>debere.</span> <span class='ocrx_word' id='word_1_73' title='bbox 913 1417 967 1483; x_wconf 89' lang='lat' dir='ltr'>Ad</span> <span class='ocrx_word' id='word_1_74' title='bbox 981 1418 1114 1503; x_wconf 88' lang='lat' dir='ltr'>primam</span> <span class='ocrx_word' id='word_1_75' title='bbox 1128 1418 1244 1482; x_wconf 89' lang='lat' dir='ltr'>scilicet</span> <span class='ocrx_word' id='word_1_76' title='bbox 1258 1419 1390 1482; x_wconf 87' lang='lat' dir='ltr'>classem</span> 
     </span>
     <span class='ocr_line' id='line_1_10' title="bbox 105 1521 1388 1616; baseline -0.004 -21"><span class='ocrx_word' id='word_1_77' title='bbox 105 1531 268 1596; x_wconf 86' lang='lat' dir='ltr'>referenda</span> <span class='ocrx_word' id='word_1_78' title='bbox 281 1542 354 1596; x_wconf 90' lang='lat' dir='ltr'>sunt</span> <span class='ocrx_word' id='word_1_79' title='bbox 366 1529 583 1613; x_wconf 77' lang='lat' dir='ltr'>phaenomena,</span> <span class='ocrx_word' id='word_1_80' title='bbox 596 1521 667 1616; x_wconf 70' lang='lat' dir='ltr'>qum</span> <span class='ocrx_word' id='word_1_81' title='bbox 681 1529 715 1592; x_wconf 87' lang='lat' dir='ltr'>in</span> <span class='ocrx_word' id='word_1_82' title='bbox 728 1549 793 1592; x_wconf 90' lang='lat' dir='ltr'>uno</span> <span class='ocrx_word' id='word_1_83' title='bbox 807 1539 885 1592; x_wconf 83' lang='lat' dir='ltr'>aestu</span> <span class='ocrx_word' id='word_1_84' title='bbox 899 1528 933 1591; x_wconf 92' lang='lat' dir='ltr'>in</span> <span class='ocrx_word' id='word_1_85' title='bbox 948 1551 981 1592; x_wconf 89' lang='lat' dir='ltr'>se</span> <span class='ocrx_word' id='word_1_86' title='bbox 996 1541 1134 1613; x_wconf 84' lang='lat' dir='ltr'>spectato</span> <span class='ocrx_word' id='word_1_87' title='bbox 1145 1528 1388 1613; x_wconf 88' lang='lat' dir='ltr'>conspiciuntur,</span> 
     </span>
     <span class='ocr_line' id='line_1_11' title="bbox 107 1637 1391 1724; baseline -0.007 -16"><span class='ocrx_word' id='word_1_88' title='bbox 107 1643 180 1710; x_wconf 81' lang='lat' dir='ltr'>crim</span> <span class='ocrx_word' id='word_1_89' title='bbox 195 1642 315 1706; x_wconf 89' lang='lat' dir='ltr'>ratione</span> <span class='ocrx_word' id='word_1_90' title='bbox 329 1641 477 1724; x_wconf 87' lang='lat' dir='ltr'>temporis</span> <span class='ocrx_word' id='word_1_91' title='bbox 493 1637 560 1703; x_wconf 85' lang='lat' dir='ltr'>trim</span> <span class='ocrx_word' id='word_1_92' title='bbox 575 1640 667 1703; x_wconf 89' lang='lat' dir='ltr'>etiam</span> <span class='ocrx_word' id='word_1_93' title='bbox 682 1637 802 1702; x_wconf 89' lang='lat' dir='ltr'>ratione</span> <span class='ocrx_word' id='word_1_94' title='bbox 817 1638 995 1722; x_wconf 79' lang='lat' dir='ltr'>quantitatis</span> <span class='ocrx_word' id='word_1_95' title='bbox 1003 1662 1013 1714; x_wconf 81' lang='lat'>3</span> <span class='ocrx_word' id='word_1_96' title='bbox 1035 1638 1164 1723; x_wconf 69' lang='lat' dir='ltr'>haeque</span> <span class='ocrx_word' id='word_1_97' title='bbox 1183 1637 1391 1722; x_wconf 84' lang='lat' dir='ltr'>phaenomena</span> 
     </span>
     <span class='ocr_line' id='line_1_12' title="bbox 109 1745 1392 1832; baseline -0.003 -19"><span class='ocrx_word' id='word_1_98' title='bbox 109 1746 359 1814; x_wconf 70' lang='lat' dir='ltr'>commodissime</span> <span class='ocrx_word' id='word_1_99' title='bbox 373 1747 432 1811; x_wconf 89' lang='lat' dir='ltr'>sub</span> <span class='ocrx_word' id='word_1_100' title='bbox 447 1747 646 1812; x_wconf 81' lang='lat' dir='ltr'>varietatibus</span> <span class='ocrx_word' id='word_1_101' title='bbox 660 1746 780 1810; x_wconf 89' lang='lat' dir='ltr'>diurnis</span> <span class='ocrx_word' id='word_1_102' title='bbox 794 1745 1019 1832; x_wconf 88' lang='lat' dir='ltr'>comprehendi</span> <span class='ocrx_word' id='word_1_103' title='bbox 1033 1759 1172 1830; x_wconf 82' lang='lat' dir='ltr'>possunt,</span> <span class='ocrx_word' id='word_1_104' title='bbox 1188 1746 1340 1831; x_wconf 72' lang='lat' dir='ltr'>quiteuus</span> <span class='ocrx_word' id='word_1_105' title='bbox 1355 1767 1392 1809; x_wconf 86' lang='lat' dir='ltr'>ea</span> 
     </span>
     <span class='ocr_line' id='line_1_13' title="bbox 107 1853 1392 1940; baseline -0.002 -22"><span class='ocrx_word' id='word_1_106' title='bbox 107 1879 140 1920; x_wconf 90' lang='lat' dir='ltr'>se</span> <span class='ocrx_word' id='word_1_107' title='bbox 155 1855 289 1919; x_wconf 83' lang='lat' dir='ltr'>offerunt</span> <span class='ocrx_word' id='word_1_108' title='bbox 303 1854 503 1932; x_wconf 75' lang='lat' dir='ltr'>observaturi,</span> <span class='ocrx_word' id='word_1_109' title='bbox 528 1855 581 1940; x_wconf 93' lang='lat' dir='ltr'>qui</span> <span class='ocrx_word' id='word_1_110' title='bbox 601 1875 659 1938; x_wconf 90' lang='lat' dir='ltr'>per</span> <span class='ocrx_word' id='word_1_111' title='bbox 681 1854 837 1940; x_wconf 84' lang='lat' dir='ltr'>integrum</span> <span class='ocrx_word' id='word_1_112' title='bbox 858 1865 979 1916; x_wconf 87' lang='lat' dir='ltr'>tantum</span> <span class='ocrx_word' id='word_1_113' title='bbox 993 1853 1076 1916; x_wconf 88' lang='lat' dir='ltr'>diem</span> <span class='ocrx_word' id='word_1_114' title='bbox 1091 1853 1322 1918; x_wconf 85' lang='lat' dir='ltr'>observationes</span> <span class='ocrx_word' id='word_1_115' title='bbox 1344 1854 1392 1916; x_wconf 94' lang='lat' dir='ltr'>in-</span> 
     </span>
     <span class='ocr_line' id='line_1_14' title="bbox 108 1959 1394 2046; baseline -0.002 -22"><span class='ocrx_word' id='word_1_116' title='bbox 108 1962 217 2039; x_wconf 88' lang='lat' dir='ltr'>stituit,</span> <span class='ocrx_word' id='word_1_117' title='bbox 228 1983 329 2046; x_wconf 87' lang='lat' dir='ltr'>neque</span> <span class='ocrx_word' id='word_1_118' title='bbox 341 1984 377 2024; x_wconf 86' lang='lat' dir='ltr'>ea</span> <span class='ocrx_word' id='word_1_119' title='bbox 389 1983 460 2024; x_wconf 92' lang='lat' dir='ltr'>cum</span> <span class='ocrx_word' id='word_1_120' title='bbox 472 1959 539 2024; x_wconf 87' lang='lat' dir='ltr'>aliis</span> <span class='ocrx_word' id='word_1_121' title='bbox 554 1959 769 2045; x_wconf 83' lang='lat' dir='ltr'>phaenomenis</span> <span class='ocrx_word' id='word_1_122' title='bbox 781 1959 848 2024; x_wconf 86' lang='lat' dir='ltr'>aliis</span> <span class='ocrx_word' id='word_1_123' title='bbox 860 1959 1052 2045; x_wconf 83' lang='lat' dir='ltr'>temporibus</span> <span class='ocrx_word' id='word_1_124' title='bbox 1064 1959 1297 2024; x_wconf 88' lang='lat' dir='ltr'>occurrentibus</span> <span class='ocrx_word' id='word_1_125' title='bbox 1308 1981 1394 2024; x_wconf 92' lang='lat' dir='ltr'>com-</span> 
     </span>
     <span class='ocr_line' id='line_1_15' title="bbox 107 2066 1393 2152; baseline -0.002 -21"><span class='ocrx_word' id='word_1_126' title='bbox 107 2079 206 2152; x_wconf 85' lang='lat' dir='ltr'>parat.</span> <span class='ocrx_word' id='word_1_127' title='bbox 267 2067 411 2132; x_wconf 90' lang='lat' dir='ltr'>Secunda</span> <span class='ocrx_word' id='word_1_128' title='bbox 439 2066 543 2131; x_wconf 85' lang='lat' dir='ltr'>classis</span> <span class='ocrx_word' id='word_1_129' title='bbox 573 2066 790 2150; x_wconf 90' lang='lat' dir='ltr'>complectitur</span> <span class='ocrx_word' id='word_1_130' title='bbox 817 2067 980 2131; x_wconf 76' lang='lat' dir='ltr'>varietates</span> <span class='ocrx_word' id='word_1_131' title='bbox 1010 2078 1193 2142; x_wconf 87' lang='lat' dir='ltr'>menstruas,</span> <span class='ocrx_word' id='word_1_132' title='bbox 1225 2087 1296 2152; x_wconf 84' lang='lat' dir='ltr'>quae</span> <span class='ocrx_word' id='word_1_133' title='bbox 1326 2087 1393 2128; x_wconf 88' lang='lat' dir='ltr'>sese</span> 
     </span>
     <span class='ocr_line' id='line_1_16' title="bbox 107 2170 1391 2260; baseline -0.003 -24"><span class='ocrx_word' id='word_1_134' title='bbox 107 2173 298 2238; x_wconf 83' lang='lat' dir='ltr'>observaturi</span> <span class='ocrx_word' id='word_1_135' title='bbox 321 2193 378 2257; x_wconf 91' lang='lat' dir='ltr'>per</span> <span class='ocrx_word' id='word_1_136' title='bbox 401 2173 557 2260; x_wconf 80' lang='lat' dir='ltr'>integrum</span> <span class='ocrx_word' id='word_1_137' title='bbox 579 2195 718 2237; x_wconf 90' lang='lat' dir='ltr'>mensem</span> <span class='ocrx_word' id='word_1_138' title='bbox 741 2185 852 2237; x_wconf 78' lang='lat' dir='ltr'>aestum</span> <span class='ocrx_word' id='word_1_139' title='bbox 877 2173 971 2236; x_wconf 89' lang='lat' dir='ltr'>maris</span> <span class='ocrx_word' id='word_1_140' title='bbox 998 2173 1221 2256; x_wconf 83' lang='lat' dir='ltr'>contemplanti</span> <span class='ocrx_word' id='word_1_141' title='bbox 1245 2170 1391 2248; x_wconf 88' lang='lat' dir='ltr'>offerunt,</span> 
     </span>
     <span class='ocr_line' id='line_1_17' title="bbox 111 2276 1394 2366; baseline -0.004 -23"><span class='ocrx_word' id='word_1_142' title='bbox 111 2302 260 2366; x_wconf 90' lang='lat' dir='ltr'>quorsum</span> <span class='ocrx_word' id='word_1_143' title='bbox 280 2279 437 2364; x_wconf 88' lang='lat' dir='ltr'>pertinent</span> <span class='ocrx_word' id='word_1_144' title='bbox 461 2290 554 2344; x_wconf 73' lang='lat' dir='ltr'>aestrrs</span> <span class='ocrx_word' id='word_1_145' title='bbox 579 2278 709 2344; x_wconf 82' lang='lat' dir='ltr'>maximi</span> <span class='ocrx_word' id='word_1_146' title='bbox 732 2279 923 2366; x_wconf 73' lang='lat' dir='ltr'>minimique,</span> <span class='ocrx_word' id='word_1_147' title='bbox 939 2280 1024 2345; x_wconf 39' lang='lat' dir='ltr'>&#39;item</span> <span class='ocrx_word' id='word_1_148' title='bbox 1049 2279 1273 2344; x_wconf 85' lang='lat' dir='ltr'>retardationes</span> <span class='ocrx_word' id='word_1_149' title='bbox 1298 2276 1394 2342; x_wconf 85' lang='lat' dir='ltr'>modb</span> 
     </span>
     <span class='ocr_line' id='line_1_18' title="bbox 107 2386 1394 2474; baseline -0.002 -22"><span class='ocrx_word' id='word_1_150' title='bbox 107 2391 241 2474; x_wconf 86' lang='lat' dir='ltr'>majores</span> <span class='ocrx_word' id='word_1_151' title='bbox 267 2387 363 2454; x_wconf 78' lang='lat' dir='ltr'>modo</span> <span class='ocrx_word' id='word_1_152' title='bbox 383 2389 529 2454; x_wconf 88' lang='lat' dir='ltr'>minores.</span> <span class='ocrx_word' id='word_1_153' title='bbox 576 2387 686 2454; x_wconf 86' lang='lat' dir='ltr'>Tertia</span> <span class='ocrx_word' id='word_1_154' title='bbox 706 2387 841 2474; x_wconf 83' lang='lat' dir='ltr'>denique</span> <span class='ocrx_word' id='word_1_155' title='bbox 861 2387 966 2454; x_wconf 88' lang='lat' dir='ltr'>classis</span> <span class='ocrx_word' id='word_1_156' title='bbox 980 2386 1219 2472; x_wconf 90' lang='lat' dir='ltr'>comprehendit</span> <span class='ocrx_word' id='word_1_157' title='bbox 1232 2386 1394 2450; x_wconf 84' lang='lat' dir='ltr'>varietates</span> 
     </span>
     <span class='ocr_line' id='line_1_19' title="bbox 107 2493 1395 2582; baseline 0.002 -24"><span class='ocrx_word' id='word_1_158' title='bbox 107 2517 227 2562; x_wconf 89' lang='lat' dir='ltr'>annuas</span> <span class='ocrx_word' id='word_1_159' title='bbox 250 2517 286 2560; x_wconf 88' lang='lat' dir='ltr'>ac</span> <span class='ocrx_word' id='word_1_160' title='bbox 306 2495 472 2581; x_wconf 81' lang='lat' dir='ltr'>plusquam</span> <span class='ocrx_word' id='word_1_161' title='bbox 493 2517 623 2573; x_wconf 87' lang='lat' dir='ltr'>annuas,</span> <span class='ocrx_word' id='word_1_162' title='bbox 647 2509 911 2582; x_wconf 72' lang='lat' dir='ltr'>quas-sequuntur</span> <span class='ocrx_word' id='word_1_163' title='bbox 932 2496 982 2560; x_wconf 91' lang='lat' dir='ltr'>vel</span> <span class='ocrx_word' id='word_1_164' title='bbox 1002 2497 1102 2560; x_wconf 87' lang='lat' dir='ltr'>varias</span> <span class='ocrx_word' id='word_1_165' title='bbox 1125 2497 1228 2562; x_wconf 87' lang='lat' dir='ltr'>Lunoe</span> <span class='ocrx_word' id='word_1_166' title='bbox 1250 2519 1270 2560; x_wconf 87' lang='lat' dir='ltr'>a</span> <span class='ocrx_word' id='word_1_167' title='bbox 1293 2493 1395 2560; x_wconf 76' lang='lat' dir='ltr'>Terrd</span> 
     </span>
     <span class='ocr_line' id='line_1_20' title="bbox 107 2601 1396 2680; baseline -0.004 -11"><span class='ocrx_word' id='word_1_168' title='bbox 107 2601 281 2680; x_wconf 82' lang='lat' dir='ltr'>distantias,</span> <span class='ocrx_word' id='word_1_169' title='bbox 297 2601 346 2666; x_wconf 88' lang='lat' dir='ltr'>vel</span> <span class='ocrx_word' id='word_1_170' title='bbox 362 2602 460 2679; x_wconf 83' lang='lat' dir='ltr'>Solis3</span> <span class='ocrx_word' id='word_1_171' title='bbox 483 2603 533 2668; x_wconf 86' lang='lat' dir='ltr'>rel</span> <span class='ocrx_word' id='word_1_172' title='bbox 547 2602 640 2666; x_wconf 91' lang='lat' dir='ltr'>etiam</span> <span class='ocrx_word' id='word_1_173' title='bbox 653 2603 853 2668; x_wconf 87' lang='lat' dir='ltr'>luminarium</span> <span class='ocrx_word' id='word_1_174' title='bbox 868 2603 1115 2668; x_wconf 80' lang='lat' dir='ltr'>declinationem.</span> <span class='ocrx_word' id='word_1_175' title='bbox 1162 2603 1258 2668; x_wconf 87' lang='lat' dir='ltr'>Hanc</span> <span class='ocrx_word' id='word_1_176' title='bbox 1273 2602 1396 2667; x_wconf 92' lang='lat' dir='ltr'>obrem</span> 
     </span>
     <span class='ocr_line' id='line_1_21' title="bbox 108 2708 1398 2796; baseline 0.002 -24"><span class='ocrx_word' id='word_1_177' title='bbox 108 2709 316 2794; x_wconf 79' lang='lat' dir='ltr'>phaenomena</span> <span class='ocrx_word' id='word_1_178' title='bbox 341 2709 583 2795; x_wconf 86' lang='lat' dir='ltr'>uniuscujusque</span> <span class='ocrx_word' id='word_1_179' title='bbox 597 2709 702 2774; x_wconf 89' lang='lat' dir='ltr'>classis</span> <span class='ocrx_word' id='word_1_180' title='bbox 725 2710 965 2787; x_wconf 87' lang='lat' dir='ltr'>recensebimus,</span> <span class='ocrx_word' id='word_1_181' title='bbox 986 2723 1079 2795; x_wconf 87' lang='lat' dir='ltr'>atque</span> <span class='ocrx_word' id='word_1_182' title='bbox 1096 2709 1254 2795; x_wconf 90' lang='lat' dir='ltr'>quomodo</span> <span class='ocrx_word' id='word_1_183' title='bbox 1275 2708 1398 2796; x_wconf 74' lang='lat' dir='ltr'>singula</span> 
     </span>
     <span class='ocr_line' id='line_1_22' title="bbox 108 2815 1398 2902; baseline -0.002 -22"><span class='ocrx_word' id='word_1_184' title='bbox 108 2839 181 2880; x_wconf 88' lang='lat' dir='ltr'>cum</span> <span class='ocrx_word' id='word_1_185' title='bbox 200 2816 318 2880; x_wconf 74' lang='lat' dir='ltr'>theoriis</span> <span class='ocrx_word' id='word_1_186' title='bbox 334 2815 446 2882; x_wconf 77' lang='lat' dir='ltr'>traditi</span> <span class='ocrx_word' id='word_1_187' title='bbox 461 2827 646 2902; x_wconf 81' lang='lat' dir='ltr'>congruant,</span> <span class='ocrx_word' id='word_1_188' title='bbox 662 2815 870 2880; x_wconf 85' lang='lat' dir='ltr'>ostendemus.</span> <span class='ocrx_word' id='word_1_189' title='bbox 916 2815 984 2880; x_wconf 89' lang='lat' dir='ltr'>Hic</span> <span class='ocrx_word' id='word_1_190' title='bbox 997 2815 1082 2894; x_wconf 85' lang='lat' dir='ltr'>verb,</span> <span class='ocrx_word' id='word_1_191' title='bbox 1104 2828 1139 2880; x_wconf 90' lang='lat' dir='ltr'>ut</span> <span class='ocrx_word' id='word_1_192' title='bbox 1155 2818 1221 2900; x_wconf 87' lang='lat' dir='ltr'>jam</span> <span class='ocrx_word' id='word_1_193' title='bbox 1236 2827 1283 2880; x_wconf 87' lang='lat' dir='ltr'>est</span> <span class='ocrx_word' id='word_1_194' title='bbox 1296 2815 1398 2879; x_wconf 91' lang='lat' dir='ltr'>moni·</span> 
     </span>
     <span class='ocr_line' id='line_1_23' title="bbox 109 2923 1397 3010; baseline 0 -22"><span class='ocrx_word' id='word_1_195' title='bbox 109 2938 187 3000; x_wconf 90' lang='lat' dir='ltr'>turn,</span> <span class='ocrx_word' id='word_1_196' title='bbox 213 2947 233 2986; x_wconf 91' lang='lat' dir='ltr'>a</span> <span class='ocrx_word' id='word_1_197' title='bbox 254 2924 539 3006; x_wconf 87' lang='lat' dir='ltr'>perturbationibus</span> <span class='ocrx_word' id='word_1_198' title='bbox 563 2946 634 3009; x_wconf 81' lang='lat' dir='ltr'>quae</span> <span class='ocrx_word' id='word_1_199' title='bbox 657 2947 677 2988; x_wconf 88' lang='lat' dir='ltr'>a</span> <span class='ocrx_word' id='word_1_200' title='bbox 702 2923 811 2989; x_wconf 89' lang='lat' dir='ltr'>Terris</span> <span class='ocrx_word' id='word_1_201' title='bbox 833 2947 872 2989; x_wconf 88' lang='lat' dir='ltr'>ac</span> <span class='ocrx_word' id='word_1_202' title='bbox 894 2925 1049 2990; x_wconf 89' lang='lat' dir='ltr'>littoribus</span> <span class='ocrx_word' id='word_1_203' title='bbox 1070 2926 1235 3010; x_wconf 84' lang='lat' dir='ltr'>provenire</span> <span class='ocrx_word' id='word_1_204' title='bbox 1255 2923 1397 3009; x_wconf 82' lang='lat' dir='ltr'>possunt,</span> 
     </span>
    </p>
   </div>
   <div class='ocr_carea' id='block_1_3' title="bbox 7 3029 1399 3118">
    <p class='ocr_par' dir='ltr' id='par_1_4' title="bbox 7 3029 1399 3118">
     <span class='ocr_line' id='line_1_24' title="bbox 7 3029 1399 3118; baseline -0.001 -20"><span class='ocrx_word' id='word_1_205' title='bbox 7 3029 8 3038; x_wconf 40' lang='lat'>¹</span> <span class='ocrx_word' id='word_1_206' title='bbox 111 3035 249 3098; x_wconf 90' lang='lat' dir='ltr'>animum</span> <span class='ocrx_word' id='word_1_207' title='bbox 264 3054 392 3118; x_wconf 90' lang='lat' dir='ltr'>prorsus</span> <span class='ocrx_word' id='word_1_208' title='bbox 408 3032 607 3107; x_wconf 87' lang='lat' dir='ltr'>abstinemus,</span> <span class='ocrx_word' id='word_1_209' title='bbox 626 3053 679 3094; x_wconf 87' lang='lat' dir='ltr'>eas</span> <span class='ocrx_word' id='word_1_210' title='bbox 694 3035 836 3116; x_wconf 91' lang='lat' dir='ltr'>sequenti</span> <span class='ocrx_word' id='word_1_211' title='bbox 852 3033 957 3114; x_wconf 89' lang='lat' dir='ltr'>Capiti</span> <span class='ocrx_word' id='word_1_212' title='bbox 970 3047 1171 3098; x_wconf 79' lang='lat' dir='ltr'>reservantes.</span> <span class='ocrx_word' id='word_1_213' title='bbox 1218 3032 1326 3096; x_wconf 83' lang='lat' dir='ltr'>Multb</span> <span class='ocrx_word' id='word_1_214' title='bbox 1339 3034 1399 3096; x_wconf 93' lang='lat' dir='ltr'>mi·</span> 
     </span>
    </p>
   </div>
   <div class='ocr_carea' id='block_1_4' title="bbox 110 3137 1405 4958">
    <p class='ocr_par' dir='ltr' id='par_1_5' title="bbox 110 3137 1400 3534">
     <span class='ocr_line' id='line_1_25' title="bbox 110 3137 1400 3226; baseline -0.002 -22"><span class='ocrx_word' id='word_1_215' title='bbox 110 3141 171 3206; x_wconf 86' lang='lat' dir='ltr'>ntis</span> <span class='ocrx_word' id='word_1_216' title='bbox 185 3140 264 3204; x_wconf 82' lang='lat' dir='ltr'>verb</span> <span class='ocrx_word' id='word_1_217' title='bbox 278 3141 319 3206; x_wconf 92' lang='lat' dir='ltr'>ad</span> <span class='ocrx_word' id='word_1_218' title='bbox 333 3153 459 3204; x_wconf 87' lang='lat' dir='ltr'>ventum</span> <span class='ocrx_word' id='word_1_219' title='bbox 474 3138 527 3204; x_wconf 90' lang='lat' dir='ltr'>hic</span> <span class='ocrx_word' id='word_1_220' title='bbox 543 3139 735 3223; x_wconf 89' lang='lat' dir='ltr'>respicimus,</span> <span class='ocrx_word' id='word_1_221' title='bbox 758 3149 823 3222; x_wconf 87' lang='lat' dir='ltr'>quo</span> <span class='ocrx_word' id='word_1_222' title='bbox 840 3151 933 3202; x_wconf 87' lang='lat' dir='ltr'>aestus</span> <span class='ocrx_word' id='word_1_223' title='bbox 947 3139 1042 3202; x_wconf 90' lang='lat' dir='ltr'>maris</span> <span class='ocrx_word' id='word_1_224' title='bbox 1058 3137 1130 3204; x_wconf 85' lang='lat' dir='ltr'>crim</span> <span class='ocrx_word' id='word_1_225' title='bbox 1144 3140 1264 3204; x_wconf 88' lang='lat' dir='ltr'>ratione</span> <span class='ocrx_word' id='word_1_226' title='bbox 1278 3140 1400 3226; x_wconf 85' lang='lat' dir='ltr'>magui·</span> 
     </span>
     <span class='ocr_line' id='line_1_26' title="bbox 114 3239 1400 3330; baseline -0.002 -16"><span class='ocrx_word' id='word_1_227' title='bbox 114 3247 232 3314; x_wconf 90' lang='lat' dir='ltr'>tudinis</span> <span class='ocrx_word' id='word_1_228' title='bbox 254 3245 322 3310; x_wconf 83' lang='lat' dir='ltr'>tdm</span> <span class='ocrx_word' id='word_1_229' title='bbox 343 3239 491 3329; x_wconf 80' lang='lat' dir='ltr'>temporis</span> <span class='ocrx_word' id='word_1_230' title='bbox 513 3244 683 3328; x_wconf 90' lang='lat' dir='ltr'>plurimum</span> <span class='ocrx_word' id='word_1_231' title='bbox 706 3242 786 3308; x_wconf 87' lang='lat' dir='ltr'>affici</span> <span class='ocrx_word' id='word_1_232' title='bbox 809 3243 1010 3322; x_wconf 87' lang='lat' dir='ltr'>observatur;</span> <span class='ocrx_word' id='word_1_233' title='bbox 1032 3245 1087 3310; x_wconf 88' lang='lat' dir='ltr'>sed</span> <span class='ocrx_word' id='word_1_234' title='bbox 1109 3243 1231 3310; x_wconf 80' lang='lat' dir='ltr'>tantrim</span> <span class='ocrx_word' id='word_1_235' title='bbox 1247 3247 1400 3330; x_wconf 86' lang='lat' dir='ltr'>ejusmodi</span> 
     </span>
     <span class='ocr_line' id='line_1_27' title="bbox 112 3353 1399 3446; baseline -0.004 -21"><span class='ocrx_word' id='word_1_236' title='bbox 112 3361 320 3446; x_wconf 72' lang='lat' dir='ltr'>phaenomena</span> <span class='ocrx_word' id='word_1_237' title='bbox 344 3357 500 3442; x_wconf 87' lang='lat' dir='ltr'>explicare</span> <span class='ocrx_word' id='word_1_238' title='bbox 522 3353 575 3420; x_wconf 91' lang='lat' dir='ltr'>bic</span> <span class='ocrx_word' id='word_1_239' title='bbox 598 3354 791 3434; x_wconf 87' lang='lat' dir='ltr'>conabimur,</span> <span class='ocrx_word' id='word_1_240' title='bbox 816 3376 887 3442; x_wconf 79' lang='lat' dir='ltr'>quse</span> <span class='ocrx_word' id='word_1_241' title='bbox 912 3356 1091 3422; x_wconf 81' lang='lat' dir='ltr'>memoratis</span> <span class='ocrx_word' id='word_1_242' title='bbox 1115 3356 1399 3441; x_wconf 84' lang='lat' dir='ltr'>perturbationibus</span> 
     </span>
     <span class='ocr_line' id='line_1_28' title="bbox 112 3466 1276 3534; baseline -0.003 0"><span class='ocrx_word' id='word_1_243' title='bbox 112 3467 242 3534; x_wconf 69' lang='lat' dir='ltr'>minimi</span> <span class='ocrx_word' id='word_1_244' title='bbox 257 3471 320 3533; x_wconf 86' lang='lat' dir='ltr'>sint</span> <span class='ocrx_word' id='word_1_245' title='bbox 333 3466 478 3531; x_wconf 87' lang='lat' dir='ltr'>obnoxia.</span> <span class='ocrx_word' id='word_1_246' title='bbox 1123 3517 1126 3530; x_wconf 90' lang='lat'>.</span> <span class='ocrx_word' id='word_1_247' title='bbox 1274 3505 1276 3512; x_wconf 56' lang='lat'>&gt;</span> 
     </span>
    </p>

    <p class='ocr_par' dir='ltr' id='par_1_6' title="bbox 111 3573 1405 4852">
     <span class='ocr_line' id='line_1_29' title="bbox 154 3573 1405 3660; baseline -0.002 -20"><span class='ocrx_word' id='word_1_248' title='bbox 154 3583 178 3658; x_wconf 66' lang='lat' dir='ltr'>l.</span> <span class='ocrx_word' id='word_1_249' title='bbox 198 3585 269 3641; x_wconf 89' lang='grc'><strong>100.</strong></span> <span class='ocrx_word' id='word_1_250' title='bbox 297 3573 395 3650; x_wconf 86' lang='lat' dir='ltr'>Quod</span> <span class='ocrx_word' id='word_1_251' title='bbox 417 3573 512 3660; x_wconf 84' lang='lat' dir='ltr'>igitur</span> <span class='ocrx_word' id='word_1_252' title='bbox 525 3573 568 3637; x_wconf 91' lang='lat' dir='ltr'>ad</span> <span class='ocrx_word' id='word_1_253' title='bbox 582 3573 715 3659; x_wconf 88' lang='lat' dir='ltr'>primam</span> <span class='ocrx_word' id='word_1_254' title='bbox 730 3573 860 3640; x_wconf 87' lang='lat' dir='ltr'>classem</span> <span class='ocrx_word' id='word_1_255' title='bbox 876 3573 995 3652; x_wconf 78' lang='lat' dir='ltr'>attinet,</span> <span class='ocrx_word' id='word_1_256' title='bbox 1010 3574 1205 3660; x_wconf 85' lang='lat' dir='ltr'>praecipumn</span> <span class='ocrx_word' id='word_1_257' title='bbox 1219 3573 1405 3659; x_wconf 70' lang='lat' dir='ltr'>phaenome-¹</span> 
     </span>
     <span class='ocr_line' id='line_1_30' title="bbox 111 3681 1401 3770; baseline 0 -22"><span class='ocrx_word' id='word_1_258' title='bbox 111 3706 189 3748; x_wconf 90' lang='lat' dir='ltr'>nuru</span> <span class='ocrx_word' id='word_1_259' title='bbox 210 3685 243 3748; x_wconf 92' lang='lat' dir='ltr'>in</span> <span class='ocrx_word' id='word_1_260' title='bbox 264 3681 327 3747; x_wconf 92' lang='lat' dir='ltr'>hoc</span> <span class='ocrx_word' id='word_1_261' title='bbox 350 3682 498 3760; x_wconf 87' lang='lat' dir='ltr'>consistit,</span> <span class='ocrx_word' id='word_1_262' title='bbox 522 3681 610 3769; x_wconf 83' lang='lat' dir='ltr'>qubd</span> <span class='ocrx_word' id='word_1_263' title='bbox 631 3683 747 3770; x_wconf 89' lang='lat' dir='ltr'>ubique</span> <span class='ocrx_word' id='word_1_264' title='bbox 767 3683 801 3746; x_wconf 88' lang='lat' dir='ltr'>in</span> <span class='ocrx_word' id='word_1_265' title='bbox 822 3683 1013 3768; x_wconf 90' lang='lat' dir='ltr'>amplissimo</span> <span class='ocrx_word' id='word_1_266' title='bbox 1036 3705 1153 3748; x_wconf 87' lang='lat' dir='ltr'>oceano</span> <span class='ocrx_word' id='word_1_267' title='bbox 1174 3684 1313 3770; x_wconf 87' lang='lat' dir='ltr'>quotidie</span> <span class='ocrx_word' id='word_1_268' title='bbox 1333 3684 1401 3748; x_wconf 90' lang='lat' dir='ltr'>bini</span> 
     </span>
     <span class='ocr_line' id='line_1_31' title="bbox 112 3789 1401 3874; baseline 0 -20"><span class='ocrx_word' id='word_1_269' title='bbox 112 3793 210 3855; x_wconf 87' lang='lat' dir='ltr'>maris</span> <span class='ocrx_word' id='word_1_270' title='bbox 224 3793 328 3856; x_wconf 84' lang='lat' dir='ltr'>fluxus</span> <span class='ocrx_word' id='word_1_271' title='bbox 343 3813 400 3856; x_wconf 89' lang='lat' dir='ltr'>seu</span> <span class='ocrx_word' id='word_1_272' title='bbox 414 3789 610 3867; x_wconf 85' lang='lat' dir='ltr'>elevationes,</span> <span class='ocrx_word' id='word_1_273' title='bbox 632 3789 759 3874; x_wconf 89' lang='lat' dir='ltr'>binique</span> <span class='ocrx_word' id='word_1_274' title='bbox 774 3789 912 3854; x_wconf 86' lang='lat' dir='ltr'>refluxus</span> <span class='ocrx_word' id='word_1_275' title='bbox 927 3812 983 3854; x_wconf 87' lang='lat' dir='ltr'>seu</span> <span class='ocrx_word' id='word_1_276' title='bbox 996 3789 1211 3874; x_wconf 88' lang='lat' dir='ltr'>depressiones</span> <span class='ocrx_word' id='word_1_277' title='bbox 1234 3791 1401 3854; x_wconf 87' lang='lat' dir='ltr'>observen-</span> 
     </span>
     <span class='ocr_line' id='line_1_32' title="bbox 115 3899 1400 3985; baseline 0.001 -22"><span class='ocrx_word' id='word_1_278' title='bbox 115 3916 179 3976; x_wconf 89' lang='lat' dir='ltr'>tur,</span> <span class='ocrx_word' id='word_1_279' title='bbox 202 3911 294 3982; x_wconf 86' lang='lat' dir='ltr'>atque</span> <span class='ocrx_word' id='word_1_280' title='bbox 319 3911 442 3985; x_wconf 86' lang='lat' dir='ltr'>tempus</span> <span class='ocrx_word' id='word_1_281' title='bbox 466 3899 548 3962; x_wconf 81' lang='lat' dir='ltr'>inter</span> <span class='ocrx_word' id='word_1_282' title='bbox 572 3899 663 3962; x_wconf 90' lang='lat' dir='ltr'>binos</span> <span class='ocrx_word' id='word_1_283' title='bbox 689 3899 792 3964; x_wconf 82' lang='lat' dir='ltr'>fluxus</span> <span class='ocrx_word' id='word_1_284' title='bbox 817 3899 1007 3966; x_wconf 85' lang='lat' dir='ltr'>successivos</span> <span class='ocrx_word' id='word_1_285' title='bbox 1030 3901 1153 3966; x_wconf 87' lang='lat' dir='ltr'>circiter</span> <span class='ocrx_word' id='word_1_286' title='bbox 1177 3908 1227 3964; x_wconf 76' lang='lat'>12.</span> <span class='ocrx_word' id='word_1_287' title='bbox 1247 3900 1317 3966; x_wconf 91' lang='lat' dir='ltr'>hor.</span> <span class='ocrx_word' id='word_1_288' title='bbox 1339 3903 1400 3966; x_wconf 73' lang='lat'>24¹.</span> 
     </span>
     <span class='ocr_line' id='line_1_33' title="bbox 116 4004 1401 4094; baseline 0.004 -25"><span class='ocrx_word' id='word_1_289' title='bbox 116 4004 377 4089; x_wconf 83' lang='lat' dir='ltr'>deprehendatur.</span> <span class='ocrx_word' id='word_1_290' title='bbox 422 4006 512 4070; x_wconf 91' lang='lat' dir='ltr'>Huic</span> <span class='ocrx_word' id='word_1_291' title='bbox 532 4006 608 4070; x_wconf 81' lang='lat' dir='ltr'>verb</span> <span class='ocrx_word' id='word_1_292' title='bbox 628 4007 846 4091; x_wconf 86' lang='lat' dir='ltr'>phaenomcno,</span> <span class='ocrx_word' id='word_1_293' title='bbox 870 4009 896 4072; x_wconf 93' lang='lat' dir='ltr'>si</span> <span class='ocrx_word' id='word_1_294' title='bbox 918 4009 974 4072; x_wconf 92' lang='lat' dir='ltr'>ulli</span> <span class='ocrx_word' id='word_1_295' title='bbox 995 4009 1056 4087; x_wconf 85' lang='lat' dir='ltr'>alii,</span> <span class='ocrx_word' id='word_1_296' title='bbox 1078 4031 1136 4094; x_wconf 83' lang='lat' dir='ltr'>per</span> <span class='ocrx_word' id='word_1_297' title='bbox 1156 4011 1308 4076; x_wconf 56' lang='lat' dir='ltr'>&amp;coriam</span> <span class='ocrx_word' id='word_1_298' title='bbox 1326 4033 1401 4076; x_wconf 91' lang='lat' dir='ltr'>nos-</span> 
     </span>
     <span class='ocr_line' id='line_1_34' title="bbox 117 4111 1402 4204; baseline 0.003 -28"><span class='ocrx_word' id='word_1_299' title='bbox 117 4124 200 4176; x_wconf 88' lang='lat' dir='ltr'>tram</span> <span class='ocrx_word' id='word_1_300' title='bbox 214 4111 391 4196; x_wconf 75' lang='lat' dir='ltr'>plenissime</span> <span class='ocrx_word' id='word_1_301' title='bbox 406 4124 453 4176; x_wconf 90' lang='lat' dir='ltr'>est</span> <span class='ocrx_word' id='word_1_302' title='bbox 467 4112 666 4191; x_wconf 86' lang='lat' dir='ltr'>satisfactum,</span> <span class='ocrx_word' id='word_1_303' title='bbox 689 4113 742 4178; x_wconf 91' lang='lat' dir='ltr'>ubi</span> <span class='ocrx_word' id='word_1_304' title='bbox 764 4114 954 4180; x_wconf 86' lang='lat' dir='ltr'>ostendimus</span> <span class='ocrx_word' id='word_1_305' title='bbox 968 4117 1142 4182; x_wconf 86' lang='lat' dir='ltr'>maximam.</span> <span class='ocrx_word' id='word_1_306' title='bbox 1151 4141 1242 4204; x_wconf 74' lang='lat' dir='ltr'>aqum</span> <span class='ocrx_word' id='word_1_307' title='bbox 1256 4119 1402 4182; x_wconf 85' lang='lat' dir='ltr'>elevatio·</span> 
     </span>
     <span class='ocr_line' id='line_1_35' title="bbox 116 4217 1401 4310; baseline 0.004 -27"><span class='ocrx_word' id='word_1_308' title='bbox 116 4240 192 4284; x_wconf 89' lang='lat' dir='ltr'>nem</span> <span class='ocrx_word' id='word_1_309' title='bbox 214 4217 322 4282; x_wconf 86' lang='lat' dir='ltr'>deberi</span> <span class='ocrx_word' id='word_1_310' title='bbox 344 4219 485 4284; x_wconf 87' lang='lat' dir='ltr'>transitui</span> <span class='ocrx_word' id='word_1_311' title='bbox 507 4219 609 4284; x_wconf 77' lang='lat' dir='ltr'>Lunae</span> <span class='ocrx_word' id='word_1_312' title='bbox 630 4242 687 4304; x_wconf 86' lang='lat' dir='ltr'>per</span> <span class='ocrx_word' id='word_1_313' title='bbox 703 4221 910 4292; x_wconf 87' lang='lat' dir='ltr'>meridianum</span> <span class='ocrx_word' id='word_1_314' title='bbox 925 4235 988 4286; x_wconf 86' lang='lat' dir='ltr'>tam</span> <span class='ocrx_word' id='word_1_315' title='bbox 1003 4245 1097 4308; x_wconf 89' lang='lat' dir='ltr'>supra</span> <span class='ocrx_word' id='word_1_316' title='bbox 1111 4223 1212 4310; x_wconf 78' lang='lat' dir='ltr'>quim.</span> <span class='ocrx_word' id='word_1_317' title='bbox 1225 4224 1307 4288; x_wconf 87' lang='lat' dir='ltr'>infra</span> <span class='ocrx_word' id='word_1_318' title='bbox 1320 4225 1401 4289; x_wconf 87' lang='lat' dir='ltr'>Ter-</span> 
     </span>
     <span class='ocr_line' id='line_1_36' title="bbox 115 4320 1402 4418; baseline 0.009 -30"><span class='ocrx_word' id='word_1_319' title='bbox 115 4347 204 4388; x_wconf 88' lang='lat' dir='ltr'>ram:</span> <span class='ocrx_word' id='word_1_320' title='bbox 227 4345 267 4386; x_wconf 88' lang='lat' dir='ltr'>ex</span> <span class='ocrx_word' id='word_1_321' title='bbox 281 4344 345 4408; x_wconf 93' lang='lat' dir='ltr'>quo</span> <span class='ocrx_word' id='word_1_322' title='bbox 360 4320 431 4386; x_wconf 82' lang='lat' dir='ltr'>crim</span> <span class='ocrx_word' id='word_1_323' title='bbox 447 4325 539 4390; x_wconf 89' lang='lat' dir='ltr'>Luna</span> <span class='ocrx_word' id='word_1_324' title='bbox 553 4325 615 4392; x_wconf 81' lang='lat' dir='ltr'>unsl</span> <span class='ocrx_word' id='word_1_325' title='bbox 631 4327 823 4394; x_wconf 85' lang='lat' dir='ltr'>revolutione</span> <span class='ocrx_word' id='word_1_326' title='bbox 837 4328 949 4394; x_wconf 74' lang='lat' dir='ltr'>diurni</span> <span class='ocrx_word' id='word_1_327' title='bbox 964 4331 1012 4396; x_wconf 91' lang='lat' dir='ltr'>bis</span> <span class='ocrx_word' id='word_1_328' title='bbox 1027 4331 1067 4396; x_wconf 90' lang='lat' dir='ltr'>ad</span> <span class='ocrx_word' id='word_1_329' title='bbox 1081 4333 1218 4418; x_wconf 85' lang='lat' dir='ltr'>ejusdem</span> <span class='ocrx_word' id='word_1_330' title='bbox 1233 4334 1294 4398; x_wconf 91' lang='lat' dir='ltr'>loci</span> <span class='ocrx_word' id='word_1_331' title='bbox 1307 4335 1402 4400; x_wconf 89' lang='lat' dir='ltr'>meri·</span> 
     </span>
     <span class='ocr_line' id='line_1_37' title="bbox 118 4430 1402 4530; baseline 0.006 -31"><span class='ocrx_word' id='word_1_332' title='bbox 118 4434 250 4499; x_wconf 88' lang='lat' dir='ltr'>dianum</span> <span class='ocrx_word' id='word_1_333' title='bbox 264 4430 400 4516; x_wconf 88' lang='lat' dir='ltr'>appellat</span> <span class='ocrx_word' id='word_1_334' title='bbox 414 4432 576 4499; x_wconf 84' lang='lat' dir='ltr'>intervallo</span> <span class='ocrx_word' id='word_1_335' title='bbox 593 4437 741 4520; x_wconf 90' lang='lat' dir='ltr'>temporis</span> <span class='ocrx_word' id='word_1_336' title='bbox 755 4437 876 4502; x_wconf 84' lang='lat' dir='ltr'>circiter</span> <span class='ocrx_word' id='word_1_337' title='bbox 895 4446 932 4501; x_wconf 76' lang='lat'>12</span> <span class='ocrx_word' id='word_1_338' title='bbox 948 4437 1016 4524; x_wconf 85' lang='lat' dir='ltr'>hor.</span> <span class='ocrx_word' id='word_1_339' title='bbox 1033 4442 1094 4503; x_wconf 77' lang='lat'>24‘.</span> <span class='ocrx_word' id='word_1_340' title='bbox 1110 4441 1284 4504; x_wconf 75' lang='lat' dir='ltr'>necessario</span> <span class='ocrx_word' id='word_1_341' title='bbox 1299 4442 1402 4530; x_wconf 90' lang='lat' dir='ltr'>sequi-</span> 
     </span>
     <span class='ocr_line' id='line_1_38' title="bbox 114 4539 1402 4636; baseline 0.006 -28"><span class='ocrx_word' id='word_1_342' title='bbox 114 4555 168 4608; x_wconf 88' lang='lat' dir='ltr'>tur</span> <span class='ocrx_word' id='word_1_343' title='bbox 192 4539 253 4606; x_wconf 77' lang='lat' dir='ltr'>und</span> <span class='ocrx_word' id='word_1_344' title='bbox 276 4540 469 4605; x_wconf 91' lang='lat' dir='ltr'>revolutione</span> <span class='ocrx_word' id='word_1_345' title='bbox 489 4542 589 4608; x_wconf 88' lang='lat' dir='ltr'>Lunae</span> <span class='ocrx_word' id='word_1_346' title='bbox 604 4548 687 4609; x_wconf 89' lang='lat' dir='ltr'>circa</span> <span class='ocrx_word' id='word_1_347' title='bbox 709 4543 841 4610; x_wconf 86' lang='lat' dir='ltr'>Terram</span> <span class='ocrx_word' id='word_1_348' title='bbox 856 4546 945 4610; x_wconf 90' lang='lat' dir='ltr'>binos</span> <span class='ocrx_word' id='word_1_349' title='bbox 960 4547 1063 4612; x_wconf 87' lang='lat' dir='ltr'>fluxus</span> <span class='ocrx_word' id='word_1_350' title='bbox 1078 4559 1164 4620; x_wconf 83' lang='lat' dir='ltr'>tanto</span> <span class='ocrx_word' id='word_1_351' title='bbox 1181 4559 1320 4636; x_wconf 86' lang='lat' dir='ltr'>tempore</span> <span class='ocrx_word' id='word_1_352' title='bbox 1335 4575 1354 4616; x_wconf 84' lang='lat' dir='ltr'>a</span> <span class='ocrx_word' id='word_1_353' title='bbox 1368 4574 1402 4616; x_wconf 89' lang='lat' dir='ltr'>se</span> 
     </span>
     <span class='ocr_line' id='line_1_39' title="bbox 115 4647 1402 4743; baseline 0.006 -30"><span class='ocrx_word' id='word_1_354' title='bbox 115 4649 250 4714; x_wconf 89' lang='lat' dir='ltr'>invicem</span> <span class='ocrx_word' id='word_1_355' title='bbox 266 4647 389 4714; x_wconf 86' lang='lat' dir='ltr'>dissitos</span> <span class='ocrx_word' id='word_1_356' title='bbox 405 4647 480 4712; x_wconf 87' lang='lat' dir='ltr'>oriri</span> <span class='ocrx_word' id='word_1_357' title='bbox 497 4647 619 4729; x_wconf 88' lang='lat' dir='ltr'>debere,</span> <span class='ocrx_word' id='word_1_358' title='bbox 642 4651 904 4738; x_wconf 87' lang='lat' dir='ltr'>quemadmodum</span> <span class='ocrx_word' id='word_1_359' title='bbox 919 4651 981 4716; x_wconf 90' lang='lat' dir='ltr'>hoc</span> <span class='ocrx_word' id='word_1_360' title='bbox 995 4653 1099 4736; x_wconf 90' lang='lat' dir='ltr'>ipsum</span> <span class='ocrx_word' id='word_1_361' title='bbox 1113 4655 1249 4722; x_wconf 81' lang='lat' dir='ltr'>calculm</span> <span class='ocrx_word' id='word_1_362' title='bbox 1264 4671 1327 4722; x_wconf 85' lang='lat' dir='ltr'>tam</span> <span class='ocrx_word' id='word_1_363' title='bbox 1342 4679 1402 4743; x_wconf 91' lang='lat' dir='ltr'>pro</span> 
     </span>
     <span class='ocr_line' id='line_1_40' title="bbox 116 4757 1401 4852; baseline 0.009 -31"><span class='ocrx_word' id='word_1_364' title='bbox 116 4757 282 4844; x_wconf 85' lang='lat' dir='ltr'>hypothesi</span> <span class='ocrx_word' id='word_1_365' title='bbox 297 4783 387 4848; x_wconf 84' lang='lat' dir='ltr'>oquae</span> <span class='ocrx_word' id='word_1_366' title='bbox 409 4761 519 4830; x_wconf 77' lang='lat' dir='ltr'>inertiti</span> <span class='ocrx_word' id='word_1_367' title='bbox 535 4765 675 4844; x_wconf 89' lang='lat' dir='ltr'>carentis,</span> <span class='ocrx_word' id='word_1_368' title='bbox 695 4763 788 4852; x_wconf 77' lang='lat' dir='ltr'>quarn</span> <span class='ocrx_word' id='word_1_369' title='bbox 802 4763 935 4830; x_wconf 75' lang='lat' dir='ltr'>admissi</span> <span class='ocrx_word' id='word_1_370' title='bbox 958 4765 1078 4844; x_wconf 80' lang='lat' dir='ltr'>inertii,</span> <span class='ocrx_word' id='word_1_371' title='bbox 1095 4765 1261 4834; x_wconf 71' lang='lat' dir='ltr'>clarissime</span> <span class='ocrx_word' id='word_1_372' title='bbox 1283 4768 1401 4832; x_wconf 85' lang='lat' dir='ltr'>iudica·</span> 
     </span>
    </p>

    <p class='ocr_par' dir='ltr' id='par_1_7' title="bbox 682 4873 788 4958">
     <span class='ocr_line' id='line_1_41' title="bbox 682 4873 788 4958; baseline -0.009 -38"><span class='ocrx_word' id='word_1_373' title='bbox 682 4915 703 4958; x_wconf 65' lang='lat'><strong>·</strong></span> <span class='ocrx_word' id='word_1_374' title='bbox 741 4873 788 4920; x_wconf 68' lang='grc' dir='ltr'>ΖΞ</span> 
     </span>
    </p>
   </div>
   <div class='ocr_carea' id='block_1_5' title="bbox 0 0 1779 5860">
    <p class='ocr_par' dir='ltr' id='par_1_8' title="bbox 0 0 1779 5860">
     <span class='ocr_line' id='line_1_42' title="bbox 0 0 1779 5860; baseline 0 0"><span class='ocrx_word' id='word_1_375' title='bbox 0 0 1779 5860; x_wconf 95' lang='lat' dir='ltr'> </span> 
     </span>
    </p>
   </div>
  </div>
 </body>
</html>
