<?xml version="1.0" encoding="UTF-8"?>
<!DOCTYPE html PUBLIC "-//W3C//DTD XHTML 1.0 Transitional//EN"
    "http://www.w3.org/TR/xhtml1/DTD/xhtml1-transitional.dtd">
<html xmlns="http://www.w3.org/1999/xhtml" xml:lang="en" lang="en">
 <head>
  <title>
</title>
<meta http-equiv="Content-Type" content="text/html;charset=utf-8" />
  <meta name='ocr-system' content='tesseract 3.04.00' />
  <meta name='ocr-capabilities' content='ocr_page ocr_carea ocr_par ocr_line ocrx_word'/>
</head>
<body>
  <div class='ocr_page' id='page_1' title='image "./philosophinatur03wriggoog_0294.png"; bbox 0 0 3566 5868; ppageno 0'>
   <div class='ocr_carea' id='block_1_1' title="bbox 610 863 1100 941">
    <p class='ocr_par' dir='ltr' id='par_1_1' title="bbox 610 863 1100 941">
     <span class='ocr_line' id='line_1_1' title="bbox 610 863 1100 941; baseline 0.004 -13"><span class='ocrx_word' id='word_1_1' title='bbox 610 863 875 941; x_wconf 89' lang='lat' dir='ltr'>INQUISITIO</span> <span class='ocrx_word' id='word_1_2' title='bbox 897 865 1100 931; x_wconf 89' lang='lat' dir='ltr'>PHYSICA</span> 
     </span>
    </p>
   </div>
   <div class='ocr_carea' id='block_1_2' title="bbox 760 1137 932 1180">
    <p class='ocr_par' dir='ltr' id='par_1_2' title="bbox 760 1137 932 1180">
     <span class='ocr_line' id='line_1_2' title="bbox 760 1137 932 1180; baseline 0 -2"><span class='ocrx_word' id='word_1_3' title='bbox 760 1139 792 1180; x_wconf 76' lang='lat' dir='ltr'><strong>IN</strong></span> <span class='ocrx_word' id='word_1_4' title='bbox 813 1137 932 1178; x_wconf 62' lang='lat' dir='ltr'>CAUSA!</span> 
     </span>
    </p>
   </div>
   <div class='ocr_carea' id='block_1_3' title="bbox 383 1360 1315 1442">
    <p class='ocr_par' dir='ltr' id='par_1_3' title="bbox 383 1360 1315 1442">
     <span class='ocr_line' id='line_1_3' title="bbox 383 1360 1315 1442; baseline -0.006 0"><span class='ocrx_word' id='word_1_5' title='bbox 383 1361 622 1442; x_wconf 84' lang='lat' dir='ltr'>FLUXUS</span> <span class='ocrx_word' id='word_1_6' title='bbox 650 1363 730 1438; x_wconf 87' lang='lat' dir='ltr'><strong>AC</strong></span> <span class='ocrx_word' id='word_1_7' title='bbox 762 1360 1082 1438; x_wconf 85' lang='lat' dir='ltr'><strong>REFLUXUS</strong></span> <span class='ocrx_word' id='word_1_8' title='bbox 1109 1361 1315 1440; x_wconf 85' lang='lat' dir='ltr'><strong>MARIS.</strong></span> 
     </span>
    </p>
   </div>
   <div class='ocr_carea' id='block_1_4' title="bbox 260 1633 1434 1810">
    <p class='ocr_par' dir='ltr' id='par_1_4' title="bbox 260 1633 1434 1810">
     <span class='ocr_line' id='line_1_4' title="bbox 260 1633 1434 1700; baseline -0.011 -6"><span class='ocrx_word' id='word_1_9' title='bbox 260 1639 294 1694; x_wconf 70' lang='lat' dir='ltr'><strong>A»</strong></span> <span class='ocrx_word' id='word_1_10' title='bbox 307 1639 380 1692; x_wconf 75' lang='lat' dir='ltr'><strong>m).</strong></span> <span class='ocrx_word' id='word_1_11' title='bbox 394 1637 527 1700; x_wconf 72' lang='lat' dir='ltr'><strong>auter,</strong></span> <span class='ocrx_word' id='word_1_12' title='bbox 545 1634 908 1686; x_wconf 68' lang='lat' dir='ltr'><strong>uernantrrctnurt</strong></span> <span class='ocrx_word' id='word_1_13' title='bbox 925 1633 1168 1692; x_wconf 67' lang='lat' dir='ltr'><strong>rnorussoltrt</strong></span> <span class='ocrx_word' id='word_1_14' title='bbox 1187 1635 1210 1683; x_wconf 79' lang='grc' dir='ltr'><strong>Ε</strong></span> <span class='ocrx_word' id='word_1_15' title='bbox 1228 1633 1434 1683; x_wconf 74' lang='grc' dir='ltr'><strong>ΒΟΟΙΕΤΑΤΕ</strong></span> 
     </span>
     <span class='ocr_line' id='line_1_5' title="bbox 367 1715 1331 1810; baseline -0.003 0"><span class='ocrx_word' id='word_1_16' title='bbox 367 1759 574 1810; x_wconf 68' lang='lat' dir='ltr'><strong>acturum</strong></span> <span class='ocrx_word' id='word_1_17' title='bbox 592 1757 813 1809; x_wconf 71' lang='lat' dir='ltr'><strong>menelaus</strong></span> <span class='ocrx_word' id='word_1_18' title='bbox 833 1715 1331 1810; x_wconf 70' lang='lat' dir='ltr'><strong>SANiiTI-PETERSBURGENSIS.</strong></span> 
     </span>
    </p>
   </div>
   <div class='ocr_carea' id='block_1_5' title="bbox 554 2125 1167 2619">
    <p class='ocr_par' dir='ltr' id='par_1_5' title="bbox 558 2125 1139 2272">
     <span class='ocr_line' id='line_1_6' title="bbox 558 2125 1074 2188; baseline -0.01 -11"><span class='ocrx_word' id='word_1_19' title='bbox 558 2129 606 2176; x_wconf 79' lang='lat' dir='ltr'><strong>Cur</strong></span> <span class='ocrx_word' id='word_1_20' title='bbox 616 2141 681 2174; x_wconf 77' lang='lat' dir='ltr'><strong>nanc</strong></span> <span class='ocrx_word' id='word_1_21' title='bbox 692 2126 772 2174; x_wconf 77' lang='lat' dir='ltr'><strong>declivi</strong></span> <span class='ocrx_word' id='word_1_22' title='bbox 782 2126 900 2174; x_wconf 70' lang='lat' dir='ltr'><strong>audactus·</strong></span> <span class='ocrx_word' id='word_1_23' title='bbox 911 2125 988 2173; x_wconf 81' lang='lat' dir='ltr'><strong>littora</strong></span> <span class='ocrx_word' id='word_1_24' title='bbox 996 2135 1074 2188; x_wconf 67' lang='lat' dir='ltr'><strong>porum</strong></span> 
     </span>
     <span class='ocr_line' id='line_1_7' title="bbox 605 2210 1139 2272; baseline -0.002 -13"><span class='ocrx_word' id='word_1_25' title='bbox 605 2211 712 2259; x_wconf 75' lang='lat' dir='ltr'><strong>Ademit</strong></span> <span class='ocrx_word' id='word_1_26' title='bbox 722 2218 810 2258; x_wconf 77' lang='lat' dir='ltr'><strong>tumeat</strong></span> <span class='ocrx_word' id='word_1_27' title='bbox 820 2225 886 2258; x_wconf 78' lang='lat' dir='ltr'><strong>nune</strong></span> <span class='ocrx_word' id='word_1_28' title='bbox 895 2211 967 2258; x_wconf 73' lang='lat' dir='ltr'><strong>merie</strong></span> <span class='ocrx_word' id='word_1_29' title='bbox 978 2211 1043 2272; x_wconf 67' lang='lat' dir='ltr'><strong>uado</strong></span> <span class='ocrx_word' id='word_1_30' title='bbox 1050 2210 1139 2272; x_wconf 67' lang='lat' dir='ltr'><strong>sretire</strong></span> 
     </span>
    </p>

    <p class='ocr_par' dir='ltr' id='par_1_6' title="bbox 554 2297 1149 2444">
     <span class='ocr_line' id='line_1_8' title="bbox 554 2297 1137 2350; baseline -0.01 -1"><span class='ocrx_word' id='word_1_31' title='bbox 554 2299 624 2350; x_wconf 81' lang='lat' dir='ltr'><strong>Dum</strong></span> <span class='ocrx_word' id='word_1_32' title='bbox 633 2305 704 2346; x_wconf 70' lang='lat' dir='ltr'><strong>aare</strong></span> <span class='ocrx_word' id='word_1_33' title='bbox 718 2298 806 2344; x_wconf 78' lang='lat' dir='ltr'><strong>morritu</strong></span> <span class='ocrx_word' id='word_1_34' title='bbox 817 2305 928 2344; x_wconf 78' lang='lat' dir='ltr'><strong>autumas</strong></span> <span class='ocrx_word' id='word_1_35' title='bbox 937 2297 1028 2344; x_wconf 72' lang='lat' dir='ltr'><strong>marulo</strong></span> <span class='ocrx_word' id='word_1_36' title='bbox 1038 2311 1137 2344; x_wconf 80' lang='lat' dir='ltr'><strong>renna:</strong></span> 
     </span>
     <span class='ocr_line' id='line_1_9' title="bbox 608 2381 1149 2444; baseline -0.011 -12"><span class='ocrx_word' id='word_1_37' title='bbox 608 2381 685 2437; x_wconf 63' lang='lat' dir='ltr'><strong>Quum</strong></span> <span class='ocrx_word' id='word_1_38' title='bbox 692 2384 776 2444; x_wconf 61' lang='lat' dir='ltr'><strong>proed</strong></span> <span class='ocrx_word' id='word_1_39' title='bbox 785 2398 800 2428; x_wconf 85' lang='lat' dir='ltr'><strong>u</strong></span> <span class='ocrx_word' id='word_1_40' title='bbox 816 2383 892 2430; x_wconf 73' lang='lat' dir='ltr'><strong>rma</strong></span> <span class='ocrx_word' id='word_1_41' title='bbox 902 2383 980 2430; x_wconf 79' lang='lat' dir='ltr'><strong>abditu</strong></span> <span class='ocrx_word' id='word_1_42' title='bbox 992 2397 1063 2430; x_wconf 79' lang='lat' dir='ltr'><strong>cauea</strong></span> <span class='ocrx_word' id='word_1_43' title='bbox 1073 2383 1127 2428; x_wconf 83' lang='lat' dir='ltr'><strong>latet</strong></span> <span class='ocrx_word' id='word_1_44' title='bbox 1138 2383 1149 2426; x_wconf 91' lang='lat'><strong><em>!</em></strong></span> 
     </span>
    </p>

    <p class='ocr_par' dir='ltr' id='par_1_7' title="bbox 555 2471 1167 2619">
     <span class='ocr_line' id='line_1_10' title="bbox 555 2471 1167 2534; baseline -0.005 -13"><span class='ocrx_word' id='word_1_45' title='bbox 555 2473 588 2521; x_wconf 85' lang='lat' dir='ltr'><strong>In</strong></span> <span class='ocrx_word' id='word_1_46' title='bbox 599 2473 673 2520; x_wconf 71' lang='lat' dir='ltr'><strong>Solem</strong></span> <span class='ocrx_word' id='word_1_47' title='bbox 684 2471 824 2532; x_wconf 78' lang='lat' dir='ltr'><em>Lunamque</em></span> <span class='ocrx_word' id='word_1_48' title='bbox 830 2471 906 2534; x_wconf 78' lang='lat' dir='ltr'><strong>seror.</strong></span> <span class='ocrx_word' id='word_1_49' title='bbox 941 2472 967 2518; x_wconf 80' lang='lat' dir='ltr'><strong>Si</strong></span> <span class='ocrx_word' id='word_1_50' title='bbox 973 2471 1084 2532; x_wconf 70' lang='lat' dir='ltr'><strong>plauditis</strong></span> <span class='ocrx_word' id='word_1_51' title='bbox 1094 2483 1167 2525; x_wconf 71' lang='lat' dir='ltr'><strong>unser</strong></span> 
     </span>
     <span class='ocr_line' id='line_1_11' title="bbox 602 2560 1073 2619; baseline -0.008 -11"><span class='ocrx_word' id='word_1_52' title='bbox 602 2562 683 2608; x_wconf 67' lang='lat' dir='ltr'><strong>utere</strong></span> <span class='ocrx_word' id='word_1_53' title='bbox 693 2560 785 2608; x_wconf 78' lang='lat' dir='ltr'><strong>sublimi</strong></span> <span class='ocrx_word' id='word_1_54' title='bbox 794 2561 874 2606; x_wconf 63' lang='lat' dir='ltr'><strong>catice</strong></span> <span class='ocrx_word' id='word_1_55' title='bbox 884 2575 975 2606; x_wconf 82' lang='lat' dir='ltr'><strong>rumrna</strong></span> <span class='ocrx_word' id='word_1_56' title='bbox 989 2567 1073 2619; x_wconf 79' lang='lat' dir='ltr'><strong>petam.</strong></span> 
     </span>
    </p>
   </div>
   <div class='ocr_carea' id='block_1_6' title="bbox 391 2919 1307 3210">
    <p class='ocr_par' dir='ltr' id='par_1_8' title="bbox 391 2919 1307 3210">
     <span class='ocr_line' id='line_1_12' title="bbox 637 2919 1063 3000; baseline -0.007 -3"><span class='ocrx_word' id='word_1_57' title='bbox 637 2921 811 3000; x_wconf 89' lang='lat' dir='ltr'><strong>CAPUT</strong></span> <span class='ocrx_word' id='word_1_58' title='bbox 836 2919 1063 2998; x_wconf 90' lang='lat' dir='ltr'><strong>PRIMUM.</strong></span> 
     </span>
     <span class='ocr_line' id='line_1_13' title="bbox 391 3115 1307 3210; baseline 0 -22"><span class='ocrx_word' id='word_1_59' title='bbox 391 3115 451 3188; x_wconf 90' lang='lat' dir='ltr'><strong>De</strong></span> <span class='ocrx_word' id='word_1_60' title='bbox 466 3117 571 3188; x_wconf 75' lang='lat' dir='ltr'><strong>causei</strong></span> <span class='ocrx_word' id='word_1_61' title='bbox 588 3115 722 3188; x_wconf 65' lang='lat' dir='ltr'><strong>Frexes</strong></span> <span class='ocrx_word' id='word_1_62' title='bbox 740 3139 780 3188; x_wconf 82' lang='lat' dir='ltr'><strong>ac</strong></span> <span class='ocrx_word' id='word_1_63' title='bbox 796 3115 964 3210; x_wconf 76' lang='lat' dir='ltr'><strong>Restucris</strong></span> <span class='ocrx_word' id='word_1_64' title='bbox 981 3117 1153 3188; x_wconf 78' lang='lat' dir='ltr'><strong>Maricio</strong></span> <span class='ocrx_word' id='word_1_65' title='bbox 1169 3139 1307 3210; x_wconf 80' lang='lat' dir='ltr'><strong><em>genere.</em></strong></span> 
     </span>
    </p>
   </div>
   <div class='ocr_carea' id='block_1_7' title="bbox 209 3293 1525 4906">
    <p class='ocr_par' dir='ltr' id='par_1_9' title="bbox 209 3293 1488 3832">
     <span class='ocr_line' id='line_1_14' title="bbox 211 3293 1487 3404; baseline 0.002 -22"><span class='ocrx_word' id='word_1_66' title='bbox 211 3323 234 3400; x_wconf 86' lang='lat'><strong>§.</strong></span> <span class='ocrx_word' id='word_1_67' title='bbox 253 3328 281 3383; x_wconf 91' lang='lat' dir='ltr'><strong>l.</strong></span> <span class='ocrx_word' id='word_1_68' title='bbox 299 3293 456 3390; x_wconf 79' lang='lat' dir='ltr'><strong>omnen</strong></span> <span class='ocrx_word' id='word_1_69' title='bbox 479 3316 690 3395; x_wconf 83' lang='lat' dir='ltr'><strong>mutationem,</strong></span> <span class='ocrx_word' id='word_1_70' title='bbox 714 3337 784 3403; x_wconf 87' lang='lat' dir='ltr'><strong>quae</strong></span> <span class='ocrx_word' id='word_1_71' title='bbox 804 3317 835 3380; x_wconf 92' lang='lat' dir='ltr'><strong>in</strong></span> <span class='ocrx_word' id='word_1_72' title='bbox 856 3317 1038 3402; x_wconf 80' lang='lat' dir='ltr'><strong>corporibus</strong></span> <span class='ocrx_word' id='word_1_73' title='bbox 1053 3319 1164 3396; x_wconf 85' lang='lat' dir='ltr'><strong>evenit,</strong></span> <span class='ocrx_word' id='word_1_74' title='bbox 1185 3319 1233 3382; x_wconf 85' lang='lat' dir='ltr'><strong>vel</strong></span> <span class='ocrx_word' id='word_1_75' title='bbox 1250 3319 1289 3382; x_wconf 91' lang='lat' dir='ltr'><strong>ab</strong></span> <span class='ocrx_word' id='word_1_76' title='bbox 1304 3317 1369 3404; x_wconf 69' lang='lat' dir='ltr'><strong>ipsi</strong></span> <span class='ocrx_word' id='word_1_77' title='bbox 1385 3319 1487 3384; x_wconf 70' lang='lat' dir='ltr'><strong>motuis</strong></span> 
     </span>
     <span class='ocr_line' id='line_1_15' title="bbox 212 3423 1487 3512; baseline 0.002 -25"><span class='ocrx_word' id='word_1_78' title='bbox 212 3427 444 3492; x_wconf 77' lang='lat' dir='ltr'><strong>conservatione</strong></span> <span class='ocrx_word' id='word_1_79' title='bbox 466 3423 631 3510; x_wconf 78' lang='lat' dir='ltr'><strong>proficisci,</strong></span> <span class='ocrx_word' id='word_1_80' title='bbox 656 3423 745 3488; x_wconf 88' lang='lat' dir='ltr'><strong>vela</strong></span> <span class='ocrx_word' id='word_1_81' title='bbox 758 3423 875 3488; x_wconf 87' lang='lat' dir='ltr'><strong>viribus</strong></span> <span class='ocrx_word' id='word_1_82' title='bbox 897 3434 1016 3487; x_wconf 86' lang='lat' dir='ltr'><strong>motmn</strong></span> <span class='ocrx_word' id='word_1_83' title='bbox 1037 3425 1266 3511; x_wconf 81' lang='lat' dir='ltr'><strong>generantibus,</strong></span> <span class='ocrx_word' id='word_1_84' title='bbox 1287 3423 1348 3488; x_wconf 92' lang='lat' dir='ltr'><strong>hoc</strong></span> <span class='ocrx_word' id='word_1_85' title='bbox 1362 3425 1487 3512; x_wconf 87' lang='lat' dir='ltr'><strong>quidem</strong></span> 
     </span>
     <span class='ocr_line' id='line_1_16' title="bbox 211 3531 1487 3620; baseline 0.002 -24"><span class='ocrx_word' id='word_1_86' title='bbox 211 3543 360 3619; x_wconf 88' lang='lat' dir='ltr'><strong>tempore,</strong></span> <span class='ocrx_word' id='word_1_87' title='bbox 384 3555 446 3620; x_wconf 94' lang='lat' dir='ltr'><strong>quo</strong></span> <span class='ocrx_word' id='word_1_88' title='bbox 468 3531 629 3618; x_wconf 87' lang='lat' dir='ltr'><strong>qualitates</strong></span> <span class='ocrx_word' id='word_1_89' title='bbox 651 3531 781 3595; x_wconf 86' lang='lat' dir='ltr'><strong>occultae</strong></span> <span class='ocrx_word' id='word_1_90' title='bbox 803 3553 965 3618; x_wconf 78' lang='lat' dir='ltr'><strong>causaeque</strong></span> <span class='ocrx_word' id='word_1_91' title='bbox 987 3533 1177 3620; x_wconf 75' lang='lat' dir='ltr'><strong>imaginariae</strong></span> <span class='ocrx_word' id='word_1_92' title='bbox 1198 3532 1320 3618; x_wconf 75' lang='lat' dir='ltr'><strong>penitius</strong></span> <span class='ocrx_word' id='word_1_93' title='bbox 1341 3547 1413 3600; x_wconf 87' lang='lat' dir='ltr'><strong>sunt</strong></span> <span class='ocrx_word' id='word_1_94' title='bbox 1432 3555 1487 3598; x_wconf 84' lang='lat' dir='ltr'><strong>ex·</strong></span> 
     </span>
     <span class='ocr_line' id='line_1_17' title="bbox 210 3635 1488 3726; baseline 0.003 -26"><span class='ocrx_word' id='word_1_95' title='bbox 210 3638 317 3723; x_wconf 86' lang='lat' dir='ltr'><strong>plosae,</strong></span> <span class='ocrx_word' id='word_1_96' title='bbox 344 3639 430 3704; x_wconf 74' lang='lat' dir='ltr'><strong>nullis</strong></span> <span class='ocrx_word' id='word_1_97' title='bbox 451 3635 570 3726; x_wconf 83' lang='lat' dir='ltr'><strong>indiget</strong></span> <span class='ocrx_word' id='word_1_98' title='bbox 594 3637 787 3721; x_wconf 85' lang='lat' dir='ltr'><strong>probatione.</strong></span> <span class='ocrx_word' id='word_1_99' title='bbox 834 3637 909 3702; x_wconf 93' lang='lat' dir='ltr'><strong>Hoc</strong></span> <span class='ocrx_word' id='word_1_100' title='bbox 930 3648 1033 3701; x_wconf 88' lang='lat' dir='ltr'><strong>autem</strong></span> <span class='ocrx_word' id='word_1_101' title='bbox 1058 3637 1224 3703; x_wconf 88' lang='lat' dir='ltr'><strong>discrimen</strong></span> <span class='ocrx_word' id='word_1_102' title='bbox 1251 3641 1358 3726; x_wconf 87' lang='lat' dir='ltr'><strong>quovis</strong></span> <span class='ocrx_word' id='word_1_103' title='bbox 1383 3640 1488 3704; x_wconf 87' lang='lat' dir='ltr'><strong>oblato</strong></span> 
     </span>
     <span class='ocr_line' id='line_1_18' title="bbox 209 3739 1488 3832; baseline 0.002 -25"><span class='ocrx_word' id='word_1_104' title='bbox 209 3745 418 3829; x_wconf 87' lang='lat' dir='ltr'><strong>pbaenomeno</strong></span> <span class='ocrx_word' id='word_1_105' title='bbox 439 3739 672 3832; x_wconf 75' lang='lat' dir='ltr'><strong>diligentissime</strong></span> <span class='ocrx_word' id='word_1_106' title='bbox 695 3741 882 3806; x_wconf 87' lang='lat' dir='ltr'><strong>considerari</strong></span> <span class='ocrx_word' id='word_1_107' title='bbox 905 3739 1037 3828; x_wconf 72' lang='lat' dir='ltr'><strong>oportei,</strong></span> <span class='ocrx_word' id='word_1_108' title='bbox 1059 3759 1181 3810; x_wconf 87' lang='lat' dir='ltr'><strong>netum</strong></span> <span class='ocrx_word' id='word_1_109' title='bbox 1203 3745 1304 3810; x_wconf 76' lang='lat' dir='ltr'><strong>monis</strong></span> <span class='ocrx_word' id='word_1_110' title='bbox 1327 3769 1488 3810; x_wconf 87' lang='lat' dir='ltr'><strong>conserva-</strong></span> 
     </span>
    </p>

    <p class='ocr_par' dir='ltr' id='par_1_10' title="bbox 209 3833 1525 4906">
     <span class='ocr_line' id='line_1_19' title="bbox 212 3833 1525 3942; baseline 0.005 -28"><span class='ocrx_word' id='word_1_111' title='bbox 212 3853 291 3915; x_wconf 85' lang='lat' dir='ltr'><strong>tioni</strong></span> <span class='ocrx_word' id='word_1_112' title='bbox 306 3854 458 3938; x_wconf 89' lang='lat' dir='ltr'><strong>ejusmodi</strong></span> <span class='ocrx_word' id='word_1_113' title='bbox 473 3851 600 3916; x_wconf 81' lang='lat' dir='ltr'><strong>effectus</strong></span> <span class='ocrx_word' id='word_1_114' title='bbox 615 3851 776 3930; x_wconf 91' lang='lat' dir='ltr'><strong>tribuatur,</strong></span> <span class='ocrx_word' id='word_1_115' title='bbox 794 3852 847 3938; x_wconf 93' lang='lat' dir='ltr'><strong>qui</strong></span> <span class='ocrx_word' id='word_1_116' title='bbox 862 3853 928 3916; x_wconf 92' lang='lat' dir='ltr'><strong>sine</strong></span> <span class='ocrx_word' id='word_1_117' title='bbox 942 3853 1057 3918; x_wconf 88' lang='lat' dir='ltr'><strong>viribus</strong></span> <span class='ocrx_word' id='word_1_118' title='bbox 1072 3855 1147 3918; x_wconf 87' lang='lat' dir='ltr'><strong>oriri</strong></span> <span class='ocrx_word' id='word_1_119' title='bbox 1160 3857 1277 3942; x_wconf 88' lang='lat' dir='ltr'><strong>nequit,</strong></span> <span class='ocrx_word' id='word_1_120' title='bbox 1301 3855 1394 3941; x_wconf 74' lang='lat' dir='ltr'><strong>quim</strong></span> <span class='ocrx_word' id='word_1_121' title='bbox 1408 3856 1488 3920; x_wconf 87' lang='lat' dir='ltr'><strong>vires</strong></span> <span class='ocrx_word' id='word_1_122' title='bbox 1522 3833 1525 3841; x_wconf 30' lang='grc' dir='ltr'>Ι</span> 
     </span>
     <span class='ocr_line' id='line_1_20' title="bbox 211 3957 1489 4048; baseline 0.005 -28"><span class='ocrx_word' id='word_1_123' title='bbox 211 3958 442 4048; x_wconf 85' lang='lat' dir='ltr'><strong>investigentur,</strong></span> <span class='ocrx_word' id='word_1_124' title='bbox 466 3980 536 4045; x_wconf 84' lang='lat' dir='ltr'><strong>quae</strong></span> <span class='ocrx_word' id='word_1_125' title='bbox 557 3971 676 4021; x_wconf 90' lang='lat' dir='ltr'><strong>motum</strong></span> <span class='ocrx_word' id='word_1_126' title='bbox 698 3957 752 4021; x_wconf 72' lang='lat' dir='ltr'><strong>sui</strong></span> <span class='ocrx_word' id='word_1_127' title='bbox 777 3959 888 4024; x_wconf 71' lang='lat' dir='ltr'><strong>naturi</strong></span> <span class='ocrx_word' id='word_1_128' title='bbox 915 3959 1160 4024; x_wconf 84' lang='lat' dir='ltr'><strong>conservandum</strong></span> <span class='ocrx_word' id='word_1_129' title='bbox 1184 3960 1368 4047; x_wconf 76' lang='lat' dir='ltr'><strong>producant.</strong></span> <span class='ocrx_word' id='word_1_130' title='bbox 1415 3961 1489 4038; x_wconf 85' lang='lat' dir='ltr'><strong>Quo</strong></span> 
     </span>
     <span class='ocr_line' id='line_1_21' title="bbox 211 4063 1489 4156; baseline 0.006 -30"><span class='ocrx_word' id='word_1_131' title='bbox 211 4063 338 4149; x_wconf 88' lang='lat' dir='ltr'><strong>quidem</strong></span> <span class='ocrx_word' id='word_1_132' title='bbox 351 4067 384 4128; x_wconf 93' lang='lat' dir='ltr'><strong>in</strong></span> <span class='ocrx_word' id='word_1_133' title='bbox 399 4065 534 4152; x_wconf 81' lang='lat' dir='ltr'><strong>negotio,</strong></span> <span class='ocrx_word' id='word_1_134' title='bbox 550 4063 576 4128; x_wconf 87' lang='lat' dir='ltr'><strong>si</strong></span> <span class='ocrx_word' id='word_1_135' title='bbox 591 4063 696 4128; x_wconf 85' lang='lat' dir='ltr'><strong>debita</strong></span> <span class='ocrx_word' id='word_1_136' title='bbox 710 4065 839 4129; x_wconf 88' lang='lat' dir='ltr'><strong>attentio</strong></span> <span class='ocrx_word' id='word_1_137' title='bbox 853 4065 1047 4143; x_wconf 78' lang='lat' dir='ltr'><strong>adhibeatur,</strong></span> <span class='ocrx_word' id='word_1_138' title='bbox 1067 4068 1164 4132; x_wconf 89' lang='lat' dir='ltr'><strong>errori</strong></span> <span class='ocrx_word' id='word_1_139' title='bbox 1178 4069 1231 4133; x_wconf 78' lang='lat' dir='ltr'><strong>vix</strong></span> <span class='ocrx_word' id='word_1_140' title='bbox 1245 4069 1327 4134; x_wconf 92' lang='lat' dir='ltr'><strong>ullus</strong></span> <span class='ocrx_word' id='word_1_141' title='bbox 1342 4069 1489 4156; x_wconf 87' lang='lat' dir='ltr'><strong>relinqui·</strong></span> 
     </span>
     <span class='ocr_line' id='line_1_22' title="bbox 211 4171 1490 4261; baseline 0.003 -25"><span class='ocrx_word' id='word_1_142' title='bbox 211 4184 264 4236; x_wconf 88' lang='lat' dir='ltr'><strong>tur</strong></span> <span class='ocrx_word' id='word_1_143' title='bbox 286 4173 389 4239; x_wconf 91' lang='lat' dir='ltr'><strong>locus:</strong></span> <span class='ocrx_word' id='word_1_144' title='bbox 421 4171 492 4237; x_wconf 81' lang='lat' dir='ltr'><strong>erim</strong></span> <span class='ocrx_word' id='word_1_145' title='bbox 516 4171 700 4259; x_wconf 80' lang='lat' dir='ltr'><strong>exlegibus</strong></span> <span class='ocrx_word' id='word_1_146' title='bbox 729 4185 849 4236; x_wconf 81' lang='lat' dir='ltr'><strong>naturae</strong></span> <span class='ocrx_word' id='word_1_147' title='bbox 880 4174 952 4237; x_wconf 87' lang='lat' dir='ltr'><strong>sutis</strong></span> <span class='ocrx_word' id='word_1_148' title='bbox 978 4195 1132 4258; x_wconf 86' lang='lat' dir='ltr'><strong>superque</strong></span> <span class='ocrx_word' id='word_1_149' title='bbox 1159 4187 1286 4254; x_wconf 79' lang='lat' dir='ltr'><strong>constet,</strong></span> <span class='ocrx_word' id='word_1_150' title='bbox 1317 4175 1490 4261; x_wconf 88' lang='lat' dir='ltr'><strong>cujusmodi</strong></span> 
     </span>
     <span class='ocr_line' id='line_1_23' title="bbox 211 4283 1490 4372; baseline 0 -22"><span class='ocrx_word' id='word_1_151' title='bbox 211 4297 315 4350; x_wconf 87' lang='lat' dir='ltr'><strong>motus</strong></span> <span class='ocrx_word' id='word_1_152' title='bbox 338 4285 387 4350; x_wconf 88' lang='lat' dir='ltr'><strong>vel</strong></span> <span class='ocrx_word' id='word_1_153' title='bbox 408 4307 465 4370; x_wconf 87' lang='lat' dir='ltr'><strong>per</strong></span> <span class='ocrx_word' id='word_1_154' title='bbox 486 4306 520 4349; x_wconf 90' lang='lat' dir='ltr'><strong>se</strong></span> <span class='ocrx_word' id='word_1_155' title='bbox 542 4297 771 4359; x_wconf 82' lang='lat' dir='ltr'><strong>conserventur,</strong></span> <span class='ocrx_word' id='word_1_156' title='bbox 795 4283 843 4348; x_wconf 88' lang='lat' dir='ltr'><strong>vel</strong></span> <span class='ocrx_word' id='word_1_157' title='bbox 858 4283 973 4348; x_wconf 85' lang='lat' dir='ltr'><strong>viribus</strong></span> <span class='ocrx_word' id='word_1_158' title='bbox 989 4284 1125 4349; x_wconf 86' lang='lat' dir='ltr'><strong>externis</strong></span> <span class='ocrx_word' id='word_1_159' title='bbox 1140 4286 1320 4350; x_wconf 87' lang='lat' dir='ltr'><strong>debeantur.</strong></span> <span class='ocrx_word' id='word_1_160' title='bbox 1367 4285 1490 4372; x_wconf 82' lang='lat' dir='ltr'><strong>Corpus</strong></span> 
     </span>
     <span class='ocr_line' id='line_1_24' title="bbox 211 4389 1491 4476; baseline -0.001 -17"><span class='ocrx_word' id='word_1_161' title='bbox 211 4393 329 4459; x_wconf 88' lang='lat' dir='ltr'><strong>scilicet</strong></span> <span class='ocrx_word' id='word_1_162' title='bbox 348 4391 380 4456; x_wconf 92' lang='lat' dir='ltr'><strong>in</strong></span> <span class='ocrx_word' id='word_1_163' title='bbox 397 4405 485 4455; x_wconf 90' lang='lat' dir='ltr'><strong>motu</strong></span> <span class='ocrx_word' id='word_1_164' title='bbox 506 4391 642 4476; x_wconf 90' lang='lat' dir='ltr'><strong>positum</strong></span> <span class='ocrx_word' id='word_1_165' title='bbox 662 4389 791 4474; x_wconf 72' lang='lat' dir='ltr'><strong>proprii</strong></span> <span class='ocrx_word' id='word_1_166' title='bbox 805 4389 836 4452; x_wconf 86' lang='lat' dir='ltr'><strong>vi</strong></span> <span class='ocrx_word' id='word_1_167' title='bbox 850 4389 934 4454; x_wconf 88' lang='lat' dir='ltr'><strong>hunc</strong></span> <span class='ocrx_word' id='word_1_168' title='bbox 948 4403 1067 4456; x_wconf 76' lang='lat' dir='ltr'><strong>monum</strong></span> <span class='ocrx_word' id='word_1_169' title='bbox 1082 4391 1277 4456; x_wconf 85' lang='lat' dir='ltr'><strong>uniformiter</strong></span> <span class='ocrx_word' id='word_1_170' title='bbox 1290 4393 1323 4454; x_wconf 91' lang='lat' dir='ltr'><strong>in</strong></span> <span class='ocrx_word' id='word_1_171' title='bbox 1338 4392 1491 4458; x_wconf 88' lang='lat' dir='ltr'><strong>directum</strong></span> 
     </span>
     <span class='ocr_line' id='line_1_25' title="bbox 211 4496 1492 4587; baseline 0 -23"><span class='ocrx_word' id='word_1_172' title='bbox 211 4501 341 4564; x_wconf 88' lang='lat' dir='ltr'><strong>retinet:</strong></span> <span class='ocrx_word' id='word_1_173' title='bbox 365 4511 458 4584; x_wconf 89' lang='lat' dir='ltr'><strong>atque</strong></span> <span class='ocrx_word' id='word_1_174' title='bbox 472 4519 595 4582; x_wconf 90' lang='lat' dir='ltr'><strong>corpus,</strong></span> <span class='ocrx_word' id='word_1_175' title='bbox 613 4496 795 4582; x_wconf 81' lang='lat' dir='ltr'><strong>quodcirca</strong></span> <span class='ocrx_word' id='word_1_176' title='bbox 808 4519 898 4560; x_wconf 85' lang='lat' dir='ltr'><strong>axem</strong></span> <span class='ocrx_word' id='word_1_177' title='bbox 913 4499 1148 4563; x_wconf 83' lang='lat' dir='ltr'><strong>convenientem</strong></span> <span class='ocrx_word' id='word_1_178' title='bbox 1162 4521 1219 4583; x_wconf 86' lang='lat' dir='ltr'><strong>per</strong></span> <span class='ocrx_word' id='word_1_179' title='bbox 1234 4510 1374 4563; x_wconf 85' lang='lat' dir='ltr'><strong>centrum</strong></span> <span class='ocrx_word' id='word_1_180' title='bbox 1389 4500 1492 4587; x_wconf 82' lang='lat' dir='ltr'><strong>gravi·</strong></span> 
     </span>
     <span class='ocr_line' id='line_1_26' title="bbox 209 4605 1491 4686; baseline -0.001 -13"><span class='ocrx_word' id='word_1_181' title='bbox 209 4609 280 4673; x_wconf 88' lang='lat' dir='ltr'><strong>tatis</strong></span> <span class='ocrx_word' id='word_1_182' title='bbox 302 4619 514 4671; x_wconf 66' lang='lat' dir='ltr'><strong>nauseantem</strong></span> <span class='ocrx_word' id='word_1_183' title='bbox 535 4618 655 4670; x_wconf 90' lang='lat' dir='ltr'><strong>motum</strong></span> <span class='ocrx_word' id='word_1_184' title='bbox 677 4605 860 4669; x_wconf 87' lang='lat' dir='ltr'><strong>rotatorium</strong></span> <span class='ocrx_word' id='word_1_185' title='bbox 875 4608 971 4670; x_wconf 87' lang='lat' dir='ltr'><strong>semel</strong></span> <span class='ocrx_word' id='word_1_186' title='bbox 984 4621 1032 4672; x_wconf 84' lang='lat' dir='ltr'><strong>est</strong></span> <span class='ocrx_word' id='word_1_187' title='bbox 1045 4620 1255 4686; x_wconf 91' lang='lat' dir='ltr'><strong>consecutum,</strong></span> <span class='ocrx_word' id='word_1_188' title='bbox 1278 4609 1388 4672; x_wconf 87' lang='lat' dir='ltr'><strong>eodem</strong></span> <span class='ocrx_word' id='word_1_189' title='bbox 1403 4619 1491 4673; x_wconf 91' lang='lat' dir='ltr'><strong>motu</strong></span> 
     </span>
     <span class='ocr_line' id='line_1_27' title="bbox 211 4711 1491 4798; baseline -0.001 -19"><span class='ocrx_word' id='word_1_190' title='bbox 211 4715 306 4779; x_wconf 87' lang='lat' dir='ltr'><strong>rotari</strong></span> <span class='ocrx_word' id='word_1_191' title='bbox 327 4711 481 4798; x_wconf 79' lang='lat' dir='ltr'><strong>perpetui)</strong></span> <span class='ocrx_word' id='word_1_192' title='bbox 496 4711 550 4776; x_wconf 77' lang='lat' dir='ltr'><strong>suri</strong></span> <span class='ocrx_word' id='word_1_193' title='bbox 574 4722 685 4797; x_wconf 81' lang='lat' dir='ltr'><strong>sponte</strong></span> <span class='ocrx_word' id='word_1_194' title='bbox 704 4724 832 4798; x_wconf 84' lang='lat' dir='ltr'><strong>perget:</strong></span> <span class='ocrx_word' id='word_1_195' title='bbox 856 4734 957 4798; x_wconf 87' lang='lat' dir='ltr'><strong>neque</strong></span> <span class='ocrx_word' id='word_1_196' title='bbox 971 4712 1148 4798; x_wconf 89' lang='lat' dir='ltr'><strong>hujusmodi</strong></span> <span class='ocrx_word' id='word_1_197' title='bbox 1163 4727 1304 4778; x_wconf 89' lang='lat' dir='ltr'><strong>motuum</strong></span> <span class='ocrx_word' id='word_1_198' title='bbox 1318 4737 1444 4778; x_wconf 86' lang='lat' dir='ltr'><strong>causam</strong></span> <span class='ocrx_word' id='word_1_199' title='bbox 1457 4715 1491 4777; x_wconf 90' lang='lat' dir='ltr'><strong>in</strong></span> 
     </span>
     <span class='ocr_line' id='line_1_28' title="bbox 211 4817 1492 4906; baseline 0.002 -23"><span class='ocrx_word' id='word_1_200' title='bbox 211 4820 275 4884; x_wconf 79' lang='lat' dir='ltr'><strong>our</strong></span> <span class='ocrx_word' id='word_1_201' title='bbox 297 4843 332 4884; x_wconf 88' lang='lat' dir='ltr'><strong>re</strong></span> <span class='ocrx_word' id='word_1_202' title='bbox 353 4817 424 4896; x_wconf 78' lang='lat' dir='ltr'><strong>alit,</strong></span> <span class='ocrx_word' id='word_1_203' title='bbox 448 4818 508 4882; x_wconf 91' lang='lat' dir='ltr'><strong>nisi</strong></span> <span class='ocrx_word' id='word_1_204' title='bbox 530 4819 563 4881; x_wconf 92' lang='lat' dir='ltr'><strong>in</strong></span> <span class='ocrx_word' id='word_1_205' title='bbox 584 4817 651 4902; x_wconf 75' lang='lat' dir='ltr'><strong>ipsis</strong></span> <span class='ocrx_word' id='word_1_206' title='bbox 673 4839 841 4902; x_wconf 84' lang='lat' dir='ltr'><strong>corporum</strong></span> <span class='ocrx_word' id='word_1_207' title='bbox 862 4818 982 4896; x_wconf 67' lang='lat' dir='ltr'><strong>nature,</strong></span> <span class='ocrx_word' id='word_1_208' title='bbox 998 4821 1096 4906; x_wconf 83' lang='lat' dir='ltr'><strong>quaeri</strong></span> <span class='ocrx_word' id='word_1_209' title='bbox 1117 4833 1247 4904; x_wconf 82' lang='lat' dir='ltr'><strong>oportet</strong></span> <span class='ocrx_word' id='word_1_210' title='bbox 1293 4821 1450 4898; x_wconf 86' lang='lat' dir='ltr'><strong>Quocirca</strong></span> <span class='ocrx_word' id='word_1_211' title='bbox 1464 4821 1492 4886; x_wconf 82' lang='lat' dir='ltr'><strong>ei</strong></span> 
     </span>
    </p>
   </div>
   <div class='ocr_carea' id='block_1_8' title="bbox 0 0 1792 5868">
    <p class='ocr_par' dir='ltr' id='par_1_11' title="bbox 0 0 1792 5868">
     <span class='ocr_line' id='line_1_29' title="bbox 0 0 1792 5868; baseline 0 0"><span class='ocrx_word' id='word_1_212' title='bbox 0 0 1792 5868; x_wconf 95' lang='lat' dir='ltr'><strong> </strong></span> 
     </span>
    </p>
   </div>
  </div>
 </body>
</html>
