3564 5864
339 567 402 624 214
638 561 703 626 DE
727 559 879 626 CAUSA
902 559 1107 627 PHYSICA
1131 557 1318 631 FLUXUS
1417 587 1420 596 ’

337 726 603 812 perpendiculare,
628 727 656 791 P
676 726 827 811 particula
840 727 957 813 qeaevis
972 728 1102 805 Terrae3
1124 730 1225 816 sitque
1248 731 1330 795 PM
1351 733 1616 816 perpendicularis

337 838 370 900 in
392 836 521 920 planum
544 835 573 900 B
593 834 625 898 b.
679 835 896 919 Repraesentet
916 835 994 899 LT
1013 839 1196 923 gravitatem
1219 839 1330 903 Terrae
1354 839 1540 904 mediocrem
1564 841 1617 906 vel

295 957 300 964 '
336 943 498 1028 particalae
511 943 545 1006 in
559 944 667 1007 centro
681 943 713 1006 T
725 945 836 1028 positae
849 941 958 1008 versuis
973 943 1106 1022 Lunam,
1122 960 1260 1010 sumatur
1275 947 1348 1012 LK
1362 947 1402 1011 ad
1417 947 1448 1011 L
1463 947 1504 1026 T,
1519 959 1555 1012 ut
1567 959 1617 1012 cst

336 1050 433 1114 LT2
447 1051 488 1113 ad
504 1049 532 1113 L
549 1047 609 1127 P2,
626 1051 745 1135 eritque
759 1061 845 1114 recta
860 1051 889 1113 L
905 1049 937 1113 K
951 1071 1097 1114 mensura
1109 1051 1243 1136 gravita·

336 1156 376 1222 tis
390 1158 552 1241 particulae
564 1159 634 1223 Pin
650 1159 783 1222 Lunam.
818 1158 962 1221 Ducamr
973 1156 1005 1220 K
1017 1157 1049 1222 G
1065 1171 1158 1221 recta
1174 1159 1244 1223 PT

335 1263 490 1346 parallelo,
508 1276 711 1348 occurratque
725 1263 755 1328 L
770 1262 802 1326 T
814 1262 986 1347 productae,
1003 1263 1030 1325 si
1044 1285 1123 1347 opus
1138 1276 1193 1342 est,
1209 1264 1243 1328 in

336 1368 378 1446 G,
395 1382 426 1432 et
440 1370 610 1434 resolvetur
623 1371 670 1434 vis
686 1371 716 1434 L
732 1369 764 1434 K
777 1371 811 1432 in
825 1370 905 1434 vires
923 1370 954 1432 K
970 1370 1003 1434 G
1018 1385 1049 1433 et
1064 1372 1093 1434 L
1109 1371 1151 1448 G,
1167 1394 1244 1457 qua·

333 1497 404 1540 rtun
422 1477 508 1561 prior
531 1492 620 1565 urget
640 1477 825 1562 particulam
841 1478 868 1541 P
883 1475 990 1540 versus
1005 1489 1146 1542 centrum
1161 1478 1242 1542 Ter·
1294 1515 1325 1573 K

333 1606 387 1662 rae,
412 1597 518 1670 estque
540 1585 603 1650 ferd
621 1585 748 1670 aequalis
767 1585 827 1669 ipsi
848 1584 939 1659 PT;
964 1585 1144 1669 posterioris
1169 1607 1243 1670 pars

334 1690 410 1754 TL
435 1692 578 1755 omnibus
603 1692 761 1776 particulis
785 1691 967 1768 communis,
990 1702 1022 1754 et
1041 1692 1100 1756 sibi
1119 1715 1241 1776 semper

332 1799 487 1882 parallelo,
503 1811 622 1862 motum
637 1821 726 1884 aquae
740 1820 804 1862 non
823 1799 945 1874 turbam
966 1797 1064 1862 altera
1078 1799 1153 1863 verb
1166 1821 1240 1885 pars

333 1904 365 1969 T
381 1905 413 1972 G
427 1919 476 1970 est
489 1905 581 1992 quam
594 1905 737 1991 proxime
752 1905 879 1992 aequolis
894 1905 953 1990 ipsi
969 1915 988 1970 3
1005 1905 1032 1970 P
1047 1905 1097 1970 M.
1141 1909 1159 1948 *
1176 1907 1240 1970 Im·
1285 1953 1312 2020 h

332 2013 440 2098 primis
462 2015 559 2100 igitur
584 2014 787 2100 quoerendum
808 2026 854 2077 est
875 2035 1019 2099 quaenam
1042 2011 1153 2078 debeat
1174 2037 1241 2080 esse

332 2121 433 2206 figura
448 2121 558 2184 Terrae
570 2115 676 2184 liuidae
690 2121 777 2206 cujus
790 2120 951 2206 particulae
962 2119 1068 2184 verstls
1084 2143 1116 2184 se
1130 2119 1239 2185 mutub

331 2230 485 2316 gravitant
497 2228 613 2290 viribus
628 2229 661 2290 in
675 2226 797 2292 inversi
808 2228 1024 2292 distantiarum
1039 2229 1168 2305 ratione,
1181 2227 1239 2292 du·
1326 2285 1329 2290 .

330 2335 443 2420 plicatti
459 2335 719 2412 decrescentibus,
735 2357 867 2421 quaeque
881 2336 974 2400 simul
993 2336 1148 2422 agitantur
1162 2336 1240 2402 dua·

332 2443 389 2506 bus
405 2441 520 2512 viribus
535 2443 700 2520 extraneis,
716 2463 848 2528 quarum
862 2443 959 2506 altera
972 2441 1080 2506 verstis
1095 2453 1237 2507 centrum
1331 2511 1339 2518 ,,

332 2547 363 2612 Τ
373 2548 526 2636 dirigitur,
539 2561 648 2636 estque
662 2573 785 2636 semper
795 2551 869 2618 utP
879 2551 911 2614 T
920 2549 1066 2615 distantia
1077 2549 1239 2633 particulae

330 2677 350 2716 a
364 2668 480 2734 centro,
496 2657 593 2720 altera
606 2659 672 2745 egit
685 2659 718 2719 in
733 2669 818 2722 recta
831 2658 890 2742 ipsi
905 2659 937 2722 T
952 2658 982 2721 L
1001 2657 1158 2742 parallelo,
1177 2667 1238 2719 est-

331 2783 392 2846 que
414 2762 454 2824 ad
474 2763 611 2846 priorem
632 2776 667 2827 ut
689 2774 707 2828 3
725 2765 753 2828 Ρ
769 2764 808 2828 Μ
830 2764 872 2830 ad
893 2765 982 2830 PT.
1006 2779 1009 2784 ’
1028 2766 1236 2838 Ostendemus
1256 2748 1258 2754 ¹

331 2877 435 2928 autem
459 2869 602 2931 Sectione
623 2871 763 2953 sequenti
788 2870 921 2956 figuram
943 2863 1035 2956 hujus
1060 2871 1148 2936 fluidi
1174 2893 1242 2935 esse
1262 2915 1263 2920 κ

330 2972 472 3038 accurati
487 2975 694 3060 spbaeroidcm
709 2997 779 3061 quae
793 2977 933 3063 gignitur
947 2979 1139 3045 revolutione
1153 2978 1296 3064 ellipseos
1311 2977 1394 3044 circei
1408 3001 1500 3044 axem
1508 2991 1612 3044 mans·

330 3105 463 3162 versum,
487 3085 514 3148 si
536 3085 637 3149 Terra
659 3099 852 3170 supponatur
869 3088 1068 3154 uniformiter
1092 3087 1207 3164 densa;
1239 3101 1335 3174 atque
1358 3088 1433 3152 binc
1457 3087 1612 3152 calcidam

329 3195 432 3260 mottis
441 3198 539 3262 maris
549 3221 593 3262 ex
607 3200 743 3262 motibus
758 3197 935 3264 coelestibus
949 3200 1103 3266 deducere
1117 3199 1308 3264 conabimur.

380 3302 618 3370 Observandum
632 3316 735 3370 autem
750 3305 825 3370 olias
841 3308 1141 3390 causas'conspirare
1155 3306 1196 3369 ad
1210 3317 1313 3368 motus
1327 3304 1421 3368 maris
1435 3304 1611 3388 producen-

334 3409 390 3473 dos
415 3432 487 3474 cum
510 3411 655 3496 inaequali
679 3412 829 3498 gravitate
854 3414 989 3496 partium
1015 3413 1126 3478 Terrae
1148 3409 1255 3475 vereris
1282 3410 1407 3473 Lunam
1432 3421 1464 3472 et
1494 3409 1610 3474 Solem.

327 3517 440 3580 Motus
456 3519 565 3583 Terrae
579 3520 709 3584 diurnus
725 3521 807 3584 circa
821 3543 911 3586 axem
926 3543 1016 3586 suum
1031 3521 1122 3584 variis
1137 3519 1238 3584 modis
1255 3531 1365 3582 aestum
1379 3517 1474 3580 maris
1487 3516 1611 3580 afficere

331 3625 463 3703 videtur,
479 3639 595 3710 praeter
609 3627 696 3691 illum
711 3649 730 3690 a
745 3626 898 3691 Newtono
912 3639 1126 3704 memoratum,
1143 3648 1206 3712 quo
1219 3637 1313 3690 aestus
1327 3622 1369 3688 ad
1387 3623 1498 3686 horam
1519 3622 1610 3684 luna-

195 3716 197 3720 ’
327 3753 394 3794 rem
409 3732 574 3797 secundam
588 3745 642 3796 aut
655 3734 778 3798 tertiam
792 3733 974 3798 retardatur.
1022 3743 1052 3800 1.
1076 3733 1188 3798 AEstus
1209 3733 1246 3796 lit
1266 3730 1360 3816 pauld
1376 3732 1473 3814 major
1488 3729 1528 3792 ob
1544 3728 1608 3791 vim

327 3839 532 3927 centrifugam
555 3853 588 3904 et
609 3842 741 3926 figuram
763 3841 1010 3925 sphaeroidicam,
1034 3865 1074 3906 ex
1096 3857 1183 3908 motu
1206 3837 1607 3916 Terraeoriundam,ci1m

325 3943 453 4008 baecvis
468 3945 563 4028 paulo
577 3947 676 4029 major
689 3945 802 4009 evadat
815 3946 847 4008 in
862 3947 1002 4031 partibus
1017 3948 1110 4011 maris
1126 3947 1287 4012 altioribus
1303 3945 1395 4034 qodm
1410 3946 1442 4008 in
1452 3943 1607 4029 depressi-

328 4051 444 4115 oribus.
489 4059 519 4114 2.
544 4049 627 4114 Ctlm
648 4053 742 4115 maris
764 4067 857 4117 aestus
871 4053 969 4118 fertur
983 4053 1032 4119 vel
1047 4077 1065 4118 a
1080 4055 1209 4118 meridie
1224 4051 1331 4117 verstis
1348 4051 1604 4136 septentrionem,

325 4159 373 4222 vel
394 4157 503 4222 contri
524 4181 543 4222 a
565 4159 774 4244 septentrione
788 4159 894 4226 versus
911 4161 1082 4240 meridiem,
1106 4161 1214 4226 incidit
1228 4161 1261 4222 in
1276 4183 1382 4246 aquas,
1398 4182 1469 4245 quoe
1484 4157 1604 4222 diversi

222 4247 225 4256 ¹
326 4265 489 4328 velocitate
511 4264 594 4328 circa
615 4287 705 4329 axem
727 4265 838 4330 Terroe
859 4269 1069 4346 revolvuntur,
1093 4280 1185 4352 atque
1207 4267 1280 4330 hinc
1302 4279 1405 4330 motus
1418 4285 1516 4328 novos
1531 4265 1605 4328 cieri

323 4394 448 4438 necesse
462 4386 518 4452 est,
535 4387 570 4438 ut
583 4387 693 4459 postea
706 4375 855 4442 dicemus.
903 4377 1004 4442 Porro
1018 4375 1190 4442 secunddm
1204 4373 1357 4438 theoriam
1372 4373 1542 4461 gravitatis,
1555 4373 1602 4435 vis

324 4478 385 4562 qui
408 4480 569 4563 particulae
590 4481 684 4544 maris
705 4496 856 4570 urgentur
877 4483 985 4548 verrius
1006 4483 1137 4548 Terram
1153 4479 1293 4558 solidum,
1318 4488 1401 4567 (quae
1417 4480 1495 4566 aquia
1511 4479 1604 4566 longe

322 4582 446 4646 densior
468 4585 525 4666 est)
550 4599 675 4672 superat
697 4589 760 4652 vim
782 4589 843 4674 quai
865 4587 971 4652 vereris
993 4609 1105 4672 aquam
1127 4600 1287 4674 urgentur.
1334 4587 1424 4650 Vires
1446 4587 1509 4648 illae
1531 4599 1605 4648 sunt

332 4755 372 4827 .⁰.
388 4753 432 4800 vis
449 4755 499 4800 hac
515 4755 585 4816 pauli
604 4761 678 4822 major
696 4769 731 4808 est
749 4759 768 4806 ei
785 4759 900 4820 particula
921 4759 944 4806 P
975 4769 1040 4820 parte
1051 4757 1393 4819 Loacus-mondemerini
1404 4753 1606 4821 bubetornqualis

319 4826 350 4864 ot
365 4831 389 4864 m
405 4826 469 4878 pane
485 4817 563 4868 Tarra·
581 4823 660 4870 Lumo
675 4822 777 4882 obserari,
795 4825 871 4872 minor
884 4823 904 4872 ai
918 4823 944 4870 in
974 4822 1045 4884 ipsis
1059 4823 1128 4872 ΡΜ.
