3540 5886
329 540 392 602 340
575 525 841 604 INQUISITIO
866 525 1070 596 PHYSICA
1093 523 1143 592 IN
1166 527 1362 596 CAUSAM

328 707 517 782 observamr,
545 717 576 769 et
597 705 704 792 quiin
725 703 794 788 ipso
815 701 876 766 boc
897 700 976 766 mari
996 711 1172 787 genem.
1233 699 1420 768 lemfenim
1440 704 1606 792 longitudo

326 813 419 900 hujus
440 815 594 878 merisne
616 811 657 878 60'
678 813 803 898 quidem
825 809 941 898 gradus
955 811 1097 897 attingat,
1119 821 1214 874 aestus
1229 823 1322 875 erunt
1336 812 1435 878 multi)
1449 815 1604 892 minorem

326 920 507 984 decrescunt
521 919 603 984 enirn
618 919 645 982 si
659 917 730 982 crim
744 917 906 1004 longitudo
918 915 1117 992 diminuatur,
1134 925 1200 978 tum
1215 916 1347 981 elevatio
1362 919 1427 1004 poli
1442 933 1603 1006 augeatur.

326 1027 423 1105 Quod
442 1029 469 1092 si
489 1050 565 1114 ergo
586 1027 619 1090 in
639 1027 688 1089 his
703 1024 841 1088 somnulis
856 1023 987 1110 angulus
1003 1022 1044 1087 M
1059 1023 1086 1087 P
1103 1023 1135 1088 N
1149 1037 1284 1108 ponatur
1298 1025 1363 1090 ferd
1379 1035 1422 1092 60
1436 1027 1603 1113 graduum,
1723 1103 1724 1106 Ἴ

324 1149 417 1223 atque
438 1134 567 1200 elevatio
587 1134 652 1218 poli
673 1132 777 1196 debita
796 1132 1020 1211 introducatur,
1047 1133 1243 1218 reperientur
1266 1135 1391 1222 quidem
1418 1149 1511 1221 aestrrs
1533 1137 1606 1202 bini

324 1242 461 1327 quotidie
483 1241 605 1305 evenire
627 1239 749 1315 debere,
772 1237 825 1324 qui
846 1251 950 1302 autem
971 1237 1067 1302 futuri
1089 1240 1151 1304 sint
1169 1239 1267 1304 multb
1282 1241 1426 1319 minores,
1450 1241 1545 1328 quvin'r
1571 1243 1603 1306 in

323 1349 427 1414 medio
448 1348 535 1424 mari,
558 1359 589 1411 et
608 1345 749 1430 pluribus
771 1340 929 1406 anomaliis
952 1345 1089 1429 subjecti,
1113 1367 1189 1431 quas
1212 1345 1338 1431 quidem
1359 1369 1466 1412 omnes
1481 1371 1522 1412 ex
1538 1347 1605 1412 for·

322 1455 414 1520 mulis
434 1454 564 1518 definire
585 1451 698 1515 licebit
743 1449 901 1524 Quoniam
915 1471 990 1536 ergo
1004 1461 1069 1514 tam
1083 1451 1189 1538 exigui
1204 1463 1300 1518 aestus
1314 1475 1333 1516 a
1348 1455 1445 1517 ventis
1459 1465 1492 1520 et
1506 1477 1603 1520 cursu

322 1583 420 1648 aquae,
437 1563 490 1647 qui
504 1561 535 1624 in
551 1557 612 1622 boc
626 1556 704 1620 mari
719 1555 862 1618 notabilis
877 1553 1129 1639 deprehenditur,
1146 1555 1346 1632 vehementer
1360 1559 1534 1638 turbantur,
1561 1563 1600 1625 ed

320 1666 467 1752 pleraque
487 1666 591 1728 littora
610 1664 703 1747 hujus
724 1660 819 1752 maris
843 1661 896 1724 vix
921 1681 1052 1748 usquam
1077 1674 1172 1727 aestas
1197 1663 1348 1750 regularis
1373 1664 1600 1732 observabitur.
1723 1687 1724 1758 ξ

322 1771 437 1854 Excipi
455 1782 558 1834 autem
574 1766 668 1832 debet
683 1763 776 1831 Mare
790 1765 994 1844 Adriaticum,
1016 1767 1101 1855 quod
1119 1766 1191 1832 crim
1206 1770 1308 1832 sinum
1322 1769 1436 1836 formet
1449 1773 1600 1857 amplum,

320 1875 534 1948 advenientem
554 1893 666 1959 aquam
685 1869 795 1938 moliris
817 1871 950 1959 colliget,
973 1884 1067 1957 atque
1088 1873 1290 1939 elevationem
1309 1877 1409 1942 multd
1425 1875 1600 1943 sensibilio-
1723 1925 1724 1936 ,

319 2005 385 2046 rem
406 1981 553 2068 parietur,
584 1999 687 2065 aquo
712 1991 805 2044 aestus
829 1979 922 2041 maris
943 1977 1083 2043 Venetiis
1110 1978 1288 2046 observatus
1314 1983 1465 2070 originem
1490 1983 1597 2051 babet.

320 2083 459 2156 Tametsi
480 2089 563 2153 enim
590 2085 682 2151 Mare
710 2085 978 2150 Mediterraneum
1001 2107 1066 2150 nou
1088 2083 1198 2165 solum,
1226 2089 1298 2152 satis
1324 2081 1460 2174 amplam
1481 2091 1597 2157 habeat

317 2197 520 2273 latitudinem,
544 2195 599 2260 sed
620 2194 712 2258 etiarn
734 2192 931 2256 vehementer
951 2191 1148 2278 inaequalem,
1171 2206 1276 2262 tamen
1296 2195 1450 2281 ejusmodi
1463 2200 1597 2264 marium
1723 2241 1724 2274 ,

317 2319 409 2372 nstris
435 2303 604 2370 admodum
629 2299 780 2388 exquisite
802 2321 843 2365 ex
868 2303 1015 2385 praesenti
1040 2295 1137 2380 casu,¹
1154 2326 1217 2389 quo
1246 2305 1441 2372 latimdinem
1466 2310 1594 2373 omnino
1723 2323 1724 2378 ξ

316 2413 512 2504 negligimus,
530 2408 635 2496 colligi
649 2420 760 2493 potest,
773 2408 847 2494 quia
857 2408 997 2471 extensio
1010 2409 1104 2472 maris
1118 2409 1151 2474 in
1165 2409 1391 2500 longitudinem
1405 2415 1596 2500 praecipuam
1723 2401 1724 2480 ἶ

317 2543 440 2584 causam
465 2530 596 2582 aestuum
613 2511 766 2579 ‘binorum
792 2513 920 2601 singulis
946 2513 1055 2578 diebus
1081 2515 1287 2582 evenientium
1312 2519 1459 2600 continet,
1492 2544 1594 2608 neque

316 2627 456 2695 extensio
469 2623 638 2688 latitudinis
653 2619 784 2685 multum
799 2619 946 2684 conferat.

357 2739 468 2815 §.129⁸
494 2731 651 2795 Ponamus
672 2749 756 2792 nunc
778 2723 893 2791 tractbs
914 2725 1014 2789 nostri
1034 2727 1128 2790 maria
1149 2728 1375 2816 longitudinem
1396 2753 1589 2813 evanescere,

315 2852 476 2926 totumque
497 2851 629 2920 tractum
652 2835 684 2899 in
706 2833 817 2924 eodem
838 2833 1010 2897 meridiano
1034 2833 1096 2920 Pp
1118 2837 1157 2900 ab
1180 2837 1220 2902 M
1241 2841 1391 2926 usquead
1407 2841 1440 2904 N
1452 2841 1589 2920 extendi,

314 2949 359 3013 ita
376 2960 410 3012 ut
430 2948 470 3010 sit
492 2944 579 3010 M=
545 2953 625 3019 -0,
647 2963 729 3004 m=
747 2949 784 3016 13
807 2939 892 3002 sinus
906 2951 1010 3001 autern
1026 2938 1088 3002 ele-

314 3055 444 3142 rationis
457 3051 552 3141 poli
544 3072 576 3113 m
592 3045 632 3114 M
646 3049 734 3112 sit=
699 3045 788 3123 -·,P
811 3045 983 3107 cosinus=
948 3065 1073 3130 -p,
1053 3045 1085 3107 in

316 3165 348 3230 N
369 3161 444 3228 verb
458 3161 499 3224 sit
513 3159 598 3222 sinus
614 3128 791 3220 elevationis
812 3151 878 3238 poli
890 3182 926 3210 =
943 3151 984 3230 R,
1007 3153 1085 3216 cosi·

313 3293 372 3334 nus
385 3297 421 3328 ·.-·
436 3289 461 3329 r.
506 3261 558 3326 Ex
571 3262 619 3324 his
635 3261 660 3323 si
676 3261 768 3323 Luna
781 3259 814 3322 in
830 3260 858 3324 L
873 3272 1021 3337 versetur,
1044 3259 1085 3325 ob

313 3379 422 3454 Asin.
444 3373 534 3439 M=
558 3369 607 3454 M,
633 3369 692 3452 erit
720 3369 753 3432 in
780 3365 820 3432 M
841 3367 971 3432 elevatio
996 3389 1103 3454 aquae

657 3475 1081 3639 ⁸LtrfflgssPQN

313 3694 445 3778 1,-(ι
402 3681 964 3774 ερῆ(Ρ’ψΡΒψΒ’)
972 3685 1091 3825 qu

314 3771 902 3852 -fflrq-gs--ss
972 3773 1091 3850 ΠΙ)

313 3543 410 3612 supra
431 3519 629 3584 libellnm=

312 4309 842 4407 ‹tttqq-ooiiwvru-
798 4267 1589 4436 -vrrnfflfflg--r-ssffiffl.

312 4489 409 4566 Quod
423 4490 450 4553 si
463 4509 547 4552 nunc
563 4496 697 4571 ponatur
712 4483 789 4548 alter
804 4481 954 4546 terminus
976 4477 1008 4542 N
1029 4477 1108 4542 ultra
1123 4486 1312 4562 requamrem
1326 4475 1431 4542 vereris
1445 4491 1591 4545 austrum
1723 4489 1724 4494 ’

312 4597 398 4674 situs,
420 4598 463 4660 ita
483 4611 518 4661 ut
540 4596 625 4660 sinus
645 4589 824 4656 elevationis
845 4587 910 4674 poli
934 4584 1074 4651 australis
1095 4585 1128 4648 in
1151 4579 1183 4646 N
1203 4581 1301 4668 duplo
1319 4585 1418 4670 major
1437 4585 1477 4648 sit
1491 4586 1592 4672 qudrn

312 4703 397 4767 sinus
413 4701 590 4768 elevationis
603 4697 736 4764 borealis
750 4697 783 4760 in
805 4695 855 4773 M,
878 4717 932 4760 seu
948 4693 980 4759 R
995 4719 1030 4750 =
1044 4697 1121 4755 -2
1138 4687 1211 4755 Pet
1224 4713 1241 4754 r
1254 4715 1289 4744 ·-·
1311 4691 1342 4756 α’
1361 4695 1391 4777 (1
1409 4702 1486 4758 —4
1505 4693 1590 4778 1³²),

311 4811 369 4878 erit
385 4807 435 4874 R⁵
449 4817 481 4884 4-
497 4801 705 4871 Pit-212⁹
719 4815 795 4882 :0,
811 4813 903 4889 atque
917 4798 1046 4865 elevatio
1060 4819 1149 4885 aquae
1164 4797 1197 4860 in
1213 4795 1253 4862 M
1267 4819 1360 4881 supra
1375 4797 1510 4862 libellam
1526 4803 1593 4868 erit
