3566 5868
339 539 401 596 210
637 534 702 599 DE
725 533 879 599 CAUSA
903 533 1107 602 PHYSICA
1131 533 1321 601 FLUXUS

335 711 423 765 motu
444 701 546 766 Lunae
567 702 733 786 desumpta
754 701 942 780 adhibenda,
967 715 1002 766 ut
1016 715 1139 788 tempus
1153 725 1217 790 quo
1230 723 1317 766 mere
1331 701 1374 765 sd
1388 700 1555 766 maximum
1571 721 1621 762 ns-

334 822 442 897 surget
460 810 655 875 altitudinem
677 809 728 874 die
749 811 901 876 novilunii
922 811 972 875 vel
992 811 1154 896 plenilunii
1168 811 1341 876 accuratius
1357 811 1533 875 definietur.
1578 810 1619 874 In

334 917 485 982 sestuariis
500 929 604 982 sutem
619 917 733 982 diversi
748 919 886 982 existunt
899 930 993 982 cestus
1007 931 1157 1004 tempore,
1181 931 1218 982 ut
1237 918 1376 1004 loquitur
1399 917 1530 994 Plinius,
1553 939 1619 980 non
1654 979 1660 1000 .

332 1031 453 1092 ratione
468 1027 636 1092 discordes.
680 1029 758 1094 Duo
772 1041 866 1094 aestus
881 1029 935 1115 qui
950 1029 1080 1116 singulis
1095 1029 1205 1093 diebus
1219 1029 1448 1114 producuntur,
1465 1051 1531 1093 non
1547 1041 1621 1091 sunt

333 1159 456 1222 semper
470 1135 624 1222 aequsles3
647 1136 791 1200 matutini
805 1138 890 1202 enim
904 1139 1037 1224 majores
1054 1149 1127 1202 sunt
1139 1139 1322 1224 vespertinis
1341 1151 1483 1225 tempore
1504 1137 1619 1225 hyber-

331 1265 384 1320 no,
401 1243 537 1306 minores
552 1257 693 1326 tempore
706 1243 824 1320 oestivo,
841 1243 1015 1327 presertim
1029 1245 1063 1314 in
1077 1244 1210 1331 syzygiis
1225 1245 1434 1309 luminarium.
1450 1245 1490 1330 (⁸)

374 1347 420 1412 11.
442 1347 496 1412 De
509 1361 598 1410 motu
611 1347 706 1412 meris
720 1361 879 1412 menstruo
894 1351 953 1413 tria
967 1348 1125 1434 praecipue
1140 1364 1213 1414 sunt
1223 1349 1426 1414 observande.
1465 1359 1495 1414 l.
1507 1333 1618 1416 AEstus

331 1455 413 1519 fiunt
425 1453 554 1517 maximi
569 1453 699 1541 singtdis
713 1454 872 1519 mensibus
885 1455 980 1540 paulo
994 1469 1067 1541 post
1081 1456 1222 1544 syzygias
1234 1457 1316 1521 Solis
1327 1468 1359 1520 et
1370 1457 1483 1534 Lunae‚
1495 1456 1619 1520 decres-

331 1576 408 1628 cunt
420 1564 453 1626 in
468 1562 599 1628 transitu
614 1563 717 1627 Lunae
731 1563 772 1644 sd
787 1563 1001 1649 quadraturas,
1024 1578 1057 1632 et
1077 1577 1149 1632 sunt
1170 1565 1270 1651 psuldl
1278 1577 1352 1652 post
1365 1567 1494 1630 minimi.
1540 1565 1613 1630 Dis-

329 1672 459 1737 serentiu
473 1683 560 1736 tants
573 1683 629 1749 est,
645 1683 681 1736 ut
695 1693 841 1737 ascensus
861 1675 955 1738 totius
969 1697 1059 1761 equoe
1073 1677 1227 1740 maximus
1243 1677 1283 1740 sit
1297 1676 1338 1742 ed
1352 1676 1516 1740 minimum
1533 1676 1615 1760 ejus·

330 1784 402 1849 dem
416 1784 540 1861 mensis,
558 1779 730 1848 secundnm
744 1783 896 1870 quasdem
910 1785 1152 1864 observationes,
1172 1797 1208 1850 ut
1222 1797 1242 1852 9
1257 1785 1297 1851 ad
1313 1795 1343 1864 5,
1360 1800 1391 1851 et
1406 1787 1439 1850 in
1455 1784 1617 1850 nonnullis

329 1891 451 1955 casibus
475 1887 650 1954 differentis
676 1889 860 1956 observatur
884 1891 989 1956 adhuc
1013 1895 1122 1977 major.
1178 1901 1209 1958 2.
1237 1893 1348 1958 AEstus
1373 1905 1446 1957 sunt
1469 1893 1615 1977 majores,

329 2002 448 2066 caetcris
470 2000 608 2085 peribus,
632 1999 695 2086 qud
716 2000 820 2066 minor
841 2014 889 2068 est
908 2001 1055 2066 distentis
1070 2002 1171 2068 Lunoe
1185 2025 1209 2070 n
1219 2003 1331 2080 Terre,
1347 2002 1441 2086 idque
1456 2001 1489 2064 in
1504 2000 1615 2084 majori

329 2111 450 2174 ratione
464 2108 558 2196 quim
573 2111 695 2176 inversu
708 2110 865 2196 duplicate
880 2111 1105 2190 distantiarum,
1128 2123 1164 2175 ut
1182 2133 1223 2174 ex
1237 2110 1330 2174 variis
1344 2109 1614 2174 observationibus

328 2217 496 2306 colligitur.
528 2218 589 2282 Ex.
600 2241 649 2306 gr.
661 2239 745 2283 suno
757 2225 849 2288 1718.
865 2243 1011 2286 ascensus
1022 2243 1112 2307 squae
1126 2219 1159 2284 in
1171 2220 1270 2284 Portu
1286 2219 1473 2295 Bristonico,
1487 2218 1526 2302 (⁶)
1539 2215 1618 2282 rese-

287 2347 290 2354 *
327 2339 415 2390 rente
436 2326 547 2390 eodem
563 2327 601 2390 ol.
617 2328 695 2405 viro,
718 2336 782 2392 26⁰.
789 2327 882 2392 Febr.
897 2329 957 2392 fuit
970 2329 1086 2413 pedum
1101 2337 1143 2394 22
1158 2328 1327 2416 digitorum
1343 2336 1374 2392 5.
1389 2338 1422 2391 et
1436 2325 1548 2392 Martii
1560 2334 1623 2390 18⁰.

327 2435 443 2519 pedum
467 2445 518 2501 18.
534 2435 622 2522 digit.
639 2444 670 2500 2.
716 2435 896 2502 Declinstio
918 2437 1019 2502 Lunae
1040 2436 1074 2500 iu
1095 2447 1228 2522 utroque
1250 2457 1324 2502 essu
1345 2429 1410 2500 fere
1431 2434 1559 2511 eedem3
1582 2433 1615 2496 in

326 2541 424 2624 priori
446 2541 594 2605 distentis
616 2542 718 2606 Lunae
738 2542 875 2630 portium
891 2553 965 2621 958,
988 2544 1021 2606 in
1034 2543 1200 2628 posteriori
1213 2543 1350 2626 partium
1368 2549 1462 2620 1082,
1480 2561 1615 2625 querum

328 2649 475 2712 distentis
496 2650 660 2714 mediocris
686 2664 733 2715 est
760 2661 853 2716 1000.
903 2651 962 2716 Est
983 2663 1087 2716 sutem
1112 2650 1298 2736 quadratum
1316 2649 1439 2714 muneri
1466 2655 1549 2713 1082
1577 2648 1618 2714 ed

326 2759 512 2844 quadratum
534 2764 657 2824 numeri
680 2771 753 2840 958,
785 2775 821 2825 ut
841 2769 883 2826 22
903 2762 1001 2846 pedes
1023 2771 1043 2827 5
1065 2761 1152 2848 digit
1176 2761 1216 2825 sd
1240 2770 1280 2826 19
1302 2760 1399 2845 pedes
1424 2759 1463 2840 1}
1484 2758 1617 2846 digitos;

326 2887 472 2929 ascensus
488 2879 591 2930 sutem
606 2889 696 2953 aquae
710 2869 743 2932 in
758 2868 924 2952 posteriori
938 2890 1012 2931 cusu
1026 2867 1084 2931 fuit
1098 2867 1222 2930 tsntdm
1236 2876 1274 2932 18
1290 2867 1361 2952 ped.
1374 2889 1445 2930 cunr
1461 2875 1481 2930 2
1496 2866 1611 2954 digitis.

328 2983 358 3037 8.
383 2971 496 3038 AEstus
519 2986 601 3053 sunt,
625 2974 746 3040 ceteris
767 2974 905 3058 peribus,
928 2975 1071 3061 majores,
1095 2971 1167 3038 crim
1191 2975 1286 3038 Luna
1300 2987 1441 3038 versetur
1454 2975 1488 3038 in
1503 2973 1619 3038 circulo

198 3111 205 3126 ·
329 3083 549 3167 oequinoctieli,
565 3095 597 3146 et
610 3083 794 3147 minuuntur
809 3095 968 3147 crescente
983 3083 1087 3148 Lunae
1102 3083 1312 3146 declinatione
1327 3082 1367 3146 sb
1381 3081 1443 3146 hoc
1457 3081 1583 3146 circulo.
1635 3123 1639 3158 :

370 3193 435 3258 ΙΙΙ.
462 3194 573 3258 AEstus
599 3193 690 3272 fiunt,
716 3195 835 3259 coeteris
867 3194 1006 3280 peribus,
1029 3195 1172 3278 majores,
1199 3191 1263 3280 quo
1282 3193 1385 3256 minor
1406 3205 1454 3256 est
1474 3187 1638 3256 distentis'

329 3304 413 3367 Solis
436 3327 455 3368 s
477 3305 595 3380 Terrs;
618 3304 760 3389 adeoque
782 3305 916 3389 majores
936 3304 1048 3389 hyeme
1072 3303 1191 3367 cseteris
1216 3301 1353 3386 paribus,
1380 3299 1475 3387 quim
1502 3312 1617 3366 aestate.

326 3411 518 3477 Differentis
540 3411 617 3476 veri)
639 3411 735 3500 longe
756 3413 861 3476 minor
881 3424 929 3475 est
949 3411 1043 3498 quim
1060 3435 1131 3498 quse
1145 3433 1185 3475 ex
1200 3411 1329 3474 diversis
1352 3409 1453 3475 Lunae
1467 3409 1618 3476 distantiis

325 3520 435 3581 oritur.
469 3520 531 3584 Ex.
546 3543 594 3608 gr.
611 3521 769 3586 distantiae
786 3520 892 3585 Lunae
906 3521 1042 3608 perigeae
1056 3520 1183 3584 fuerunt
1196 3519 1332 3606 aequules
1346 3519 1433 3583 Junii
1457 3529 1506 3596 19,
1525 3521 1617 3587 1711.

326 3639 358 3690 et
373 3628 553 3694 Decembri.
571 3637 626 3708 28,
646 3637 740 3700 1712.
755 3651 901 3694 ascensus
916 3651 1006 3716 squae
1026 3629 1130 3714 priore
1145 3629 1196 3692 die
1210 3627 1327 3714 pedum
1345 3635 1382 3692 18
1398 3627 1483 3714 digit.
1499 3636 1528 3688 4.
1544 3648 1618 3708 pos·

326 3735 435 3798 teriori
455 3735 573 3820 pedum
600 3733 650 3800 19.
673 3735 762 3822 digit.
785 3743 837 3810 2.;
860 3735 1026 3800 declinatio
1047 3747 1151 3800 sutem
1173 3731 1347 3800 Lunse'fuit
1359 3730 1453 3818 paulo
1467 3729 1570 3794 minor
1585 3733 1618 3798 in

325 3840 385 3904 hac
400 3839 494 3927 quim
509 3841 542 3904 in
561 3841 615 3904 ills
630 3839 855 3907 observatione.
871 3843 907 3924 (⁰)
1296 3821 1303 3842 ⁴
1610 3843 1622 3859 '

370 3946 472 4012 Porro
498 3948 531 4010 in
557 3946 692 4011 diversis
721 3946 800 4010 locis
826 3959 920 4010 aestus
946 3958 1018 4010 sunt
1042 3945 1166 4025 diversi,
1192 3967 1251 4032 pro
1275 3943 1359 4008 varia
1383 3941 1523 4006 locorum
1549 3943 1618 4010 leti-

329 4055 451 4134 tudine,
482 4077 656 4142 eorumque
682 4056 742 4119 situ
768 4067 912 4139 respectu
937 4057 1046 4119 oceani
1075 4057 1159 4120 unde
1186 4065 1406 4139 propaguntur,
1433 4075 1492 4139 pro
1521 4052 1618 4137 ipsius

328 4163 439 4226 oceani
464 4161 683 4247 amplitudine,
710 4175 742 4225 et
767 4162 909 4227 littorum
933 4161 1145 4250 fretorumque
1172 4159 1286 4236 indole,
1311 4157 1438 4245 aliisque
1463 4160 1555 4223 variis
1578 4159 1618 4224 de

326 4291 435 4334 censis.

330 4501 400 4612 mgis).
411 4502 488 4551 utem.
501 4503 530 4552 de
541 4503 637 4554 l'Acsd.
654 4505 751 4567 noyns,
768 4510 919 4557 intortis.
934 4517 958 4554 et
990 4505 1061 4618 17ξὲ
1079 4503 1152 4553 liius.
1166 4502 1301 4553 del'Amd.
1318 4504 1415 4567 Roynle,
1429 4508 1497 4555 1710.
1513 4507 1580 4554 1712.
1593 4513 1619 4552 ct

360 4629 395 4694 (⁸)
410 4629 472 4676 lbid.
