3516 5870
324 471 387 534 272
570 465 835 543 INQUISlTlO
859 465 1062 532 PHYSICA
1086 465 1136 530 lN
1159 465 1352 532 CAUSAM

364 639 389 716 §t
405 643 456 698 39.
480 633 647 700 Problems
661 633 731 712 hoc,
747 631 833 718 quod
847 625 1006 718 hamisque
1020 632 1163 701 dedimus
1177 631 1323 712 solutum,
1339 635 1485 722 quodque
1496 638 1604 702 maxi-
1730 665 1731 690 κ

322 741 365 804 mi
387 753 435 804 est
454 741 604 804 momenti
626 741 668 804 ad
687 739 814 804 effectus
836 739 907 803 crim
931 739 1012 804 Solis
1033 737 1099 804 ttim
1122 740 1224 804 Lunae
1246 741 1279 804 in
1300 742 1379 805 mari
1401 740 1549 806 elevando
1566 757 1603 808 et
1730 723 1731 750 l

323 849 528 932 deprimendo
549 848 754 926 definiendos,
778 848 948 912 Nevtonus
972 871 1013 914 ne
1037 849 1138 936 attigit
1161 849 1296 935 quidem,
1322 850 1377 914 sed
1402 850 1494 914 aliam
1516 853 1601 914 riam

322 967 455 1033 secutus,
477 977 543 1020 non
565 954 666 1024 solium
681 955 874 1034 indirectam,
898 955 953 1022 sed
968 956 1060 1020 etiarn
1075 977 1247 1034 erroneam,
1269 955 1391 1020 invenit
1400 977 1487 1020 mare
1500 979 1520 1020 a
1533 958 1600 1022 eoin

322 1069 354 1132 vi
377 1067 458 1132 Solis
480 1067 522 1132 ad
541 1067 737 1134 altitudinem
758 1066 892 1132 duorum
906 1065 971 1130 fere
992 1067 1111 1150 pedum,
1124 1067 1238 1131 elevari
1256 1066 1386 1142 debere;
1410 1064 1482 1130 crim
1494 1067 1600 1130 tamen

323 1186 388 1240 tam
402 1173 533 1239 carralem
547 1175 610 1238 vim
626 1175 692 1240 Soli
706 1174 878 1240 absolutam
893 1173 986 1260 quim
1001 1175 1131 1238 eandem
1141 1175 1316 1240 distantiam
1332 1199 1352 1239 a
1366 1175 1466 1240 Termi
1481 1197 1600 1240 assum-

323 1280 421 1358 sisset,
444 1280 556 1367 quibus
576 1301 634 1343 nos
655 1303 761 1345 sumus
783 1281 842 1344 usi.
888 1281 1049 1345 Couclusit
1063 1293 1166 1346 autam
1187 1282 1271 1347 huno
1284 1303 1442 1346 enormem
1457 1281 1598 1346 effectum

987 1388 1011 1451 S

323 1445 364 1488 ex
378 1415 608 1510 comparatione
623 1424 669 1486 vis
686 1423 766 1488 Solis
781 1445 837 1488 seu
850 1424 961 1488 valoris
981 1476 1017 1526 Ἰ
1033 1447 1104 1489 cum
1118 1425 1149 1488 vi
1169 1423 1279 1490 Ter-rte
1294 1425 1463 1513 centril'ugd
1479 1449 1498 1490 a
1511 1437 1597 1490 motu
1730 1487 1731 1510 q

324 1595 437 1662 diurno
451 1593 529 1672 orti,
544 1593 605 1681 qui
621 1595 724 1662 Terra
733 1594 792 1662 sub
802 1609 962 1682 oeqmtore
975 1595 1154 1660 extaedinn
1163 1619 1200 1660 ac
1210 1597 1342 1662 craaeio'r
1355 1595 1497 1660 rdditnr
1506 1595 1599 1681 qua’rn
1730 1605 1731 1646 i

324 1705 382 1771 sub
406 1703 504 1787 polis,
538 1713 631 1788 atque
655 1703 783 1766 assumit
805 1703 1007 1796 elevationem
1032 1725 1121 1788 aquae
1140 1726 1160 1766 a
1184 1703 1216 1766 vi
1242 1702 1322 1768 Solis
1345 1715 1446 1766 ortam
1469 1701 1599 1768 eandem
1730 1783 1731 1786 Ἴ

323 1821 430 1873 tenere
444 1806 559 1874 debere
572 1807 726 1872 rationem
739 1807 780 1872 ad
801 1809 1025 1872 incrementum
1040 1809 1150 1872 Terrae
1165 1810 1224 1874 snb
1238 1822 1395 1894 oequatorc
1408 1833 1428 1873 a
1441 1811 1473 1872 vi
1486 1811 1598 1874 centri-

325 1911 399 2001 tugt
413 1913 552 2000 ¹fuctum,
574 1911 668 1998 qusint
689 1924 794 1980 terrem
813 1913 859 1978 vis
877 1912 960 1978 Solis
980 1913 1020 1978 ad
1042 1913 1105 1978 vim
1125 1914 1338 2001 centrifugam.
1384 1913 1448 1979 Sed
1471 1927 1599 1997 preter-

325 2043 418 2108 quam
444 2021 530 2108 quod
551 2022 612 2087 hoc
635 2021 830 2086 ratiocinium
854 2022 947 2086 nimis
971 2021 1096 2087 iniinno
1120 2034 1364 2106 superstructum
1388 2019 1596 2098 fundamento,

323 2128 429 2192 nostri
443 2126 492 2192 visi
508 2128 635 2205 directi,
661 2128 721 2214 qud
737 2149 843 2192 sumus
858 2129 916 2206 usi,
933 2128 1035 2193 statim
1049 2129 1214 2193 evertitur:
1237 2149 1277 2192 ex
1298 2127 1365 2212 ipsri
1380 2129 1463 2192 enim
1477 2130 1521 2192 rei
1543 2151 1599 2194 na-

324 2231 404 2312 tort,
427 2233 520 2298 nullis
541 2234 688 2318 precariis
703 2234 844 2299 assumtis
858 2234 1027 2319 principiis,
1049 2235 1250 2298 elevationem
1265 2255 1416 2320 aquatum
1431 2257 1450 2298 a
1464 2235 1494 2297 vi
1518 2235 1599 2299 Solis

327 2341 493 2406 oriundam
507 2339 623 2405 directe*
638 2352 671 2404 et
683 2340 855 2404 luculenter
866 2340 1155 2406 detemrinavimus:
1170 2363 1207 2404 ac
1216 2340 1244 2404 si
1257 2339 1354 2404 ullum
1369 2341 1461 2403 etiam
1471 2340 1598 2403 dubium

324 2449 365 2514 ob
380 2449 617 2537 integrationem
631 2471 688 2534 per
702 2448 985 2534 approximationes
999 2461 1120 2512 tannim
1133 2449 1308 2512 institutum
1322 2458 1458 2524 restaret,
1479 2446 1512 2510 id
1525 2467 1600 2510 mox

323 2557 459 2635 tolletur,
483 2557 555 2622 crim
576 2555 657 2622 iniri
677 2557 760 2622 idem
785 2557 951 2623 Problema
972 2556 1030 2621 alii
1045 2557 1196 2624 methodo
1213 2579 1341 2646 prorsus
1355 2555 1475 2626 diversi
1494 2577 1599 2621 sumus

323 2664 499 2741 resoluturi,
516 2677 799 2751 congruentemque
814 2664 998 2729 solutionem
1013 2664 1189 2730 exhibituri.

367 2775 391 2850 §.
406 2777 458 2832 40.
484 2769 634 2842 Quamvis
656 2783 760 2832 autem
782 2771 839 2833 iste
863 2771 943 2834 Solis
965 2771 1091 2836 effectus
1112 2772 1146 2834 in
1166 2771 1245 2834 mari
1265 2783 1330 2836 tam
1344 2769 1494 2836 elevando
1507 2766 1597 2856 quim

324 2869 528 2956 deprimendo
549 2893 614 2934 non
635 2870 714 2935 oded
733 2885 835 2938 certus
849 2886 880 2938 et
893 2875 1004 2959 planus
1019 2897 1086 2940 esse
1106 2875 1247 2940 videatur
1261 2875 1302 2939 ob
1316 2875 1488 2962 parallaxin
1509 2873 1596 2950 Solis,

323 3004 416 3070 quam
434 2981 493 3045 10''
514 2979 723 3058 assumsimus,
746 2981 887 3046 nondum
902 2982 1128 3048 accuratissime
1144 2981 1323 3060 delinitam
1345 3005 1365 3046 a
1386 2982 1446 3069 qui
1461 2997 1523 3046 tnm
1537 2981 1599 3044 dis-

324 3089 421 3154 tantis
437 3087 519 3154 Solis
533 3109 553 3152 a
567 3086 668 3152 Tetri
683 3111 712 3166 a,
735 3087 829 3174 quam
842 3091 1007 3154 aestimatio
1020 3072 1066 3155 vis
1079 3089 1230 3155 absolmae
1246 3091 1279 3166 S,
1301 3067 1434 3175 peritl'et:
1457 3101 1561 3154 tamen
1575 3089 1600 3152 si

1324 3199 1349 3262 S

323 3255 391 3298 rem
405 3231 552 3300 attentiris
566 3232 805 3318 perpendamus,
828 3237 1051 3319 comperiemus
1066 3235 1297 3320 expressionem
1313 3233 1516 3362 ιιἾρεῐρεῑιιὸ
1526 3257 1599 3298 eun-

324 3403 396 3471 dem
419 3404 553 3468 retinere
575 3403 723 3482 valorem,
754 3425 971 3492 quecumque.
987 3405 1053 3472 Soli
1081 3406 1247 3490 parallaxis
1276 3405 1448 3471 tribuatur:
1481 3405 1597 3470 mutati

324 3511 408 3578 enim
428 3512 589 3595 parallarri,
612 3513 699 3578 valor
720 3513 830 3608 litterte
854 3515 877 3578 S
897 3513 1028 3599 praeciad
1048 3515 1082 3578 in
1102 3515 1211 3579 eadem
1230 3515 1357 3592 ratione,
1380 3514 1412 3576 in
1427 3512 1487 3599 qud
1502 3513 1600 3576 cubus
1730 3529 1731 3534 ’

323 3617 480 3685 &tantia
500 3617 554 3698 a³,
577 3621 755 3689 mutabitur.
801 3622 864 3687 Par
877 3621 961 3710 leges
975 3625 1059 3688 enim
1072 3623 1174 3688 motas
1189 3622 1363 3687 firmissime
1378 3621 1522 3686 stabilitas
1540 3639 1599 3703 pa-

323 3759 401 3831 tebit
414 3737 616 3852 quantitatem
633 3729 681 3894 {-
698 3789 717 3830 a
737 3767 804 3832 solo
826 3780 965 3854 tempore
985 3771 1144 3855 periodioo
1159 3770 1268 3835 Terrae
1283 3771 1364 3836 circa
1380 3769 1483 3835 Solem
1497 3767 1599 3832 deter-

323 3939 444 4018 minari,
460 3941 548 4024 cujus
562 3939 717 4024 quantitas
730 3941 958 4008 accuratissime
973 3955 1020 4008 est
1034 3942 1170 4009 definita.
1216 3943 1311 4020 Quod
1327 3955 1362 4007 ut
1375 3939 1489 4006 claritis
1503 3959 1598 4023 appa·

324 4060 399 4125 reat,
419 4044 649 4110 consideremus
671 4047 828 4130 planetam
850 4071 1064 4138 quemcunque
1080 4051 1162 4116 circa
1177 4051 1282 4116 Solem
1303 4051 1335 4112 in
1350 4047 1450 4114 orbiti
1466 4045 1598 4132 ellipticrl

323 4153 542 4230 revolventem,
565 4153 652 4238 cujus
673 4155 831 4220 semi-axis
852 4169 1042 4222 transversus
1064 4181 1118 4223 seu
1140 4159 1284 4222 distantia
1305 4183 1324 4222 a
1348 4159 1420 4224 Sole
1440 4157 1543 4222 media
1561 4156 1600 4219 sit

329 4285 361 4323 =
380 4287 410 4341 a,
433 4263 479 4328 vis
501 4274 605 4326 autem
629 4261 713 4328 Solis
734 4264 875 4328 absoluta
894 4289 926 4324 =
948 4267 980 4343 S,
1003 4267 1063 4329 erit
1083 4279 1204 4349 tempus
1222 4265 1415 4360 periodicnm
1430 4285 1552 4348 semper
1566 4277 1600 4326 ut

324 4371 452 4534 “Vll-3²23
474 4407 559 4495 quod
580 4409 607 4472 si
628 4408 722 4496 igitur
736 4421 857 4496 tempus
871 4411 1064 4496 periodicutn
1079 4410 1118 4474 sit
1136 4436 1168 4471 =
1187 4425 1210 4489 t,
1234 4413 1293 4476 erit
1308 4425 1320 4476 t
1335 4426 1369 4477 ut
1386 4375 1498 4538 ψ
1512 4372 1601 4474 et-S..

1458 4469 1604 4540 Sa³

967 4583 991 4649 S

324 4612 371 4677 uti
385 4583 435 4740 ᾖ
465 4616 518 4680 Ad
528 4618 665 4683 valorem
673 4632 777 4684 autem
787 4619 943 4685 fractionis
954 4671 1003 4748 ῃ
1012 4619 1151 4686 absolute
1162 4622 1392 4701 inveniendum,
1409 4621 1603 4705 exprimatur
