3516 5870
322 523 384 587 los
571 516 839 596 lNQUlSITIO
862 517 1064 588 PHYSICA
1090 519 1140 586 lN
1166 513 1359 588 clusin

321 710 412 778 oquae
426 693 561 780 figurent
579 691 714 756 admisso
733 703 822 756 motu
836 691 950 756 diurno
965 685 1075 756 Teme
1091 691 1226 780 sllgnri
1241 689 1444 778 sphoeroidicd
1457 713 1526 757 esse
1538 689 1608 758 dis·

322 813 527 884 crepeturom.
573 800 778 886 Quipropter
791 802 824 864 in
838 800 902 865 hoc
914 801 1042 888 negotio
1057 801 1196 866 sufficere
1209 811 1321 886 potest,
1339 799 1374 877 si,
1392 799 1493 864 Tetri
1507 800 1609 864 instet

316 904 455 990 'spbaerae
475 906 622 992 periectae
643 907 847 984 consideratii,
871 906 1055 971 definiemus
1076 917 1222 994 quantem
1235 905 1442 970 differentiam
1462 905 1496 970 iu
1515 926 1608 992 uqnae

298 1012 300 1022 '
323 1011 426 1099 figuti
448 1011 528 1078 vires
543 1011 615 1078 clun
638 1012 720 1078 Solis
740 1009 808 1076 ttlrn
831 1013 935 1076 Lnnoe
954 1012 1148 1096 producent:
1170 1009 1555 1090 hicenirndeterminsti,
1577 1013 1606 1076 si

322 1119 434 1184 Torrvs
455 1133 559 1188 motus
580 1121 742 1207 vertiginis
761 1123 952 1200 restituatur,
974 1121 1175 1206 perspicuum
1195 1118 1255 1186 erit
1273 1130 1372 1184 totam
1389 1119 1523 1207 ligurem
1545 1119 1604 1183 sub

323 1239 482 1313 aequetore
503 1229 718 1306 intumescere,
740 1230 799 1293 sub
819 1229 900 1313 polis
921 1241 1025 1293 nutent
1047 1229 1226 1306 subsidere;
1248 1227 1292 1292 ite
1311 1240 1416 1292 temen
1436 1241 1473 1292 ut
1489 1228 1603 1316 ubique
1736 1217 1737 1222 ἵ

320 1334 432 1398 endem
453 1333 503 1399 vel
524 1333 655 1400 elevatio
675 1334 726 1398 vel
746 1334 905 1418 depressio
926 1357 1016 1420 equae
1036 1357 1056 1398 n
1076 1333 1193 1400 viribus
1215 1333 1296 1400 Solis
1315 1333 1601 1401 Luuae'vemcnest.
1736 1411 1737 1416 ἵ

323 1438 467 1526 Namque
488 1440 515 1504 si
538 1439 603 1504 ulle
623 1440 717 1505 etiam
739 1440 871 1506 varietas
899 1440 934 1504 in
954 1453 1034 1506 cestu
1053 1443 1148 1506 maris
1169 1465 1189 1506 n
1206 1453 1298 1507 motu
1310 1441 1470 1529 vertiginis
1491 1441 1603 1506 Terrae

302 1578 304 1584 ·
319 1549 545 1634 proficiscetur,
569 1571 605 1612 ea
619 1548 739 1613 calculo
752 1561 945 1614 monstrante
958 1569 1112 1636 nusquam
1125 1551 1224 1636 major
1238 1571 1306 1616 esse
1319 1561 1422 1634 potest
1439 1561 1528 1634 perte
1541 1554 1603 1636 ὼ

322 1653 418 1719 sestius
432 1653 536 1719 totalis
544 1677 554 1730 3
572 1653 692 1718 tantilla
706 1667 810 1720 nutem
824 1655 998 1720 differentia
1013 1654 1114 1720 notari
1127 1677 1192 1720 non
1207 1667 1353 1733 meretur,
1368 1675 1470 1741 neque
1481 1656 1522 1719 ob
1533 1677 1601 1719 enm

321 1781 446 1824 oensem
466 1783 571 1846 operoe
592 1761 728 1845 pretium
748 1773 797 1826 est
816 1773 881 1825 tum
902 1761 1102 1844 conplicatos
1123 1773 1156 1826 et
1176 1761 1334 1826 abstrusos
1355 1761 1489 1826 micuos
1511 1761 1599 1837 inim,

321 1866 362 1930 ed
377 1888 455 1951 quos
468 1867 694 1952 perveniretur,
718 1866 744 1930 si
765 1867 877 1931 Terrae
891 1867 994 1954 ligura
1007 1868 1155 1932 muralis
1170 1888 1189 1932 e
1203 1868 1354 1953 sphaerici
1368 1868 1490 1932 diversa
1503 1889 1602 1952 pone·
1736 1925 1737 1974 l

319 1987 416 2054 retur,
439 1988 532 2061 etque
551 1975 678 2061 insuper
692 1975 738 2040 vis
753 1974 926 2062 centrifugn
939 1997 958 2038 s
970 1987 1058 2040 motu
1071 1976 1231 2064 vertiginis
1248 1977 1360 2040 Terrae
1372 1977 1405 2039 in
1419 1987 1600 2060 computum

320 2081 498 2146 duceretur.

362 2195 385 2272 §.
402 2199 454 2256 34.
482 2187 534 2252 Ad
550 2210 676 2252 cttrvam
691 2189 787 2275 igitur
805 2211 827 2254 o
842 2187 882 2252 M
897 2188 918 2252 d
933 2191 964 2267 b,
988 2189 1039 2254 cui
1053 2209 1091 2254 ee
1104 2211 1174 2276 quae
1189 2211 1228 2254 ex
1243 2190 1338 2256 elteri
1354 2205 1443 2277 parte
1457 2191 1524 2255 axis
1545 2215 1564 2256 n
1577 2191 1601 2255 b
1736 2243 1737 2262 ,

319 2295 427 2362 similis
442 2309 489 2360 est
504 2307 535 2360 et
549 2295 687 2380 aeqnnlis,
703 2294 980 2372 determinandum,
995 2308 1130 2381 ponetur
1144 2297 1190 2361 vis
1205 2298 1346 2383 absolute
1360 2297 1424 2361 sive
1441 2297 1520 2362 Solis
1536 2299 1601 2362 sive

321 2405 422 2470 Lunae
444 2403 477 2466 in
502 2404 525 2468 S
546 2401 705 2466 existentis
725 2425 757 2462 =
779 2401 812 2479 S,
835 2403 979 2466 disteritin
1002 2399 1070 2469 OS
1090 2427 1123 2464 τε
1141 2426 1170 2481 a,
1194 2425 1232 2467 ec
1251 2404 1344 2468 ducta
1366 2404 1602 2468 semi-ordinatu

319 2511 360 2576 M
381 2511 409 2575 P
429 2523 557 2575 vocetur
581 2508 608 2572 C
631 2508 660 2572 P
686 2531 718 2566 =
744 2529 776 2584 x,
799 2519 831 2572 et
853 2508 937 2573 PM
959 2529 991 2568 =
1010 2530 1041 2594 y.
1086 2507 1138 2572 Ex
1158 2509 1347 2593 praecedenti
1370 2510 1466 2596 igitur
1488 2510 1602 2594 Capite

316 2622 483 2688 habebitur
496 2621 553 2698 vis,
569 2616 631 2705 qui
645 2629 797 2702 puuctum
813 2617 853 2682 M
867 2617 949 2684 vele
966 2619 1039 2684 Sole
1053 2615 1102 2683 vel
1117 2615 1209 2682 Luni
1224 2617 1331 2683 versrls
1345 2619 1546 2715 Gurgebitnr
1561 2641 1597 2678 :-

317 2729 624 2864 Q
640 2767 768 2853 insuper
783 2779 885 2830 eutem
900 2766 982 2829 idem
997 2779 1147 2852 punctum
1164 2765 1203 2832 M
1217 2765 1430 2831 sollicitabitur
1451 2767 1483 2830 in
1498 2765 1598 2830 direc-
1736 2857 1737 2864 ἵ

316 2851 336 2892 a
352 2891 359 2914 ,
374 2831 406 2892 es
420 2834 486 2913 (xx
501 2839 533 2902 ÷
545 2850 567 2912 y
575 2827 610 2912 y)
1736 2879 1737 2884 1

316 2935 1161 3075 tioneMRnormuiandvffiQ-

865 3041 1100 3125 run-
1195 2940 1596 3076 ÷³S,--·v---<⁴³*··u>-

1109 3037 1177 3125 rr)
1248 3047 1299 3102 2³
1337 3041 1584 3125 ΛΜΗ)

318 3149 440 3214 Praeter
453 3147 510 3212 hes
524 3147 599 3213 verb
613 3149 694 3214 vires
708 3159 861 3233 punctum
883 3145 922 3211 M
943 3147 1094 3234 gravitate
1106 3146 1241 3210 naturali
1262 3147 1409 3210 deorsum
1427 3143 1553 3230 pellitur
1566 3149 1597 3210 vi
1736 3197 1737 3204 ,

321 3263 387 3318 :1
412 3253 584 3320 secundtlm
606 3254 808 3320 directionem
831 3253 926 3330 MC,
949 3254 992 3316 ita
1015 3263 1050 3316 ut
1071 3251 1223 3336 punctum
1251 3251 1290 3316 M
1316 3252 1355 3316 ab
1375 3252 1519 3316 omnibns
1547 3251 1596 3317 bis

314 3362 433 3426 viribus
459 3363 649 3447 conjunctim
673 3361 707 3426 in
732 3359 901 3425 directione
926 3357 1019 3423 MC
1044 3358 1189 3422 deorsum
1217 3373 1365 3445 urgentur
1389 3358 1420 3422 vi
1448 3381 1481 3418 π
1512 3367 1526 3420 l
1557 3367 1589 3433 -Ι-

317 3470 340 3533 S
363 3475 396 3554 (y
415 3492 493 3555 y-
508 3478 528 3532 2
543 3492 566 3534 x
581 3470 616 3548 x)

641 3507 695 3572 ubi
717 3501 759 3572 ob
783 3517 797 3570 1
825 3529 956 3594 sequeus
978 3505 1128 3614 ternpirtus
1151 3506 1218 3614 tutd
1240 3501 1356 3594 negligi
1377 3517 1490 3590 potest,
1513 3504 1595 3568 etin

313 3716 483 3782 directione
505 3718 545 3783 M
561 3719 592 3784 R
606 3720 637 3783 vi
653 3759 688 3787 =
704 3684 808 3846 83⁸5
821 3697 896 3867 {xxx
915 3793 948 3856 4
966 3781 1034 3866 Π)
1051 3729 1084 3796 ·Ι·
1103 3681 1485 3865 Ξ-ἒῑῖζεῆζ-ἓξζαζς
1515 3737 1593 3801 qus-

313 3910 384 3952 rum
424 3890 557 3954 duarum
599 3891 711 3956 virium
755 3889 782 3952 si
827 3888 867 3953 M
905 3889 938 3952 N
979 3901 1114 3973 ponetur
1156 3887 1260 3951 medie
1303 3887 1442 3965 directio,
1485 3887 1595 3972 prodi-

313 3996 359 4062 bit
394 4021 452 4084 per
487 4001 611 4088 regulas
648 3998 878 4085 compositionis
913 3998 1016 4063 motis
1052 3997 1159 4085 anguli
1197 3997 1224 4062 C
1257 3993 1296 4060 M
1320 3995 1354 4062 N
1387 4007 1518 4086 tangens
1555 4021 1589 4060 =

314 4105 1113 4294 ffl——W-issffifiss—-m,
1140 4163 1211 4228 quae
1233 4139 1384 4206 divisione
1409 4153 1481 4206 notu
1506 4141 1593 4206 insti·
1625 4135 1638 4148 '

174 4365 183 4382 ,
312 4311 389 4390 tuti,
410 4313 510 4401 iisque
530 4317 668 4380 terminis
682 4313 831 4401 neglectis
846 4314 878 4376 in
894 4335 1027 4401 quorum
1041 4315 1324 4381 denominetoribus
1341 4339 1361 4380 a
1381 4316 1486 4401 plures
1500 4313 1594 4401 quim

313 4470 445 4543 quatuor
460 4463 580 4528 obtinet
593 4458 810 4541 dimensiones,
826 4461 891 4526 ubit
904 4463 938 4526 in
952 4463 1033 4527 hanc
1047 4463 1278 4548 expressionem
1319 4527 1331 4561 s
