3564 5864
404 565 411 594 Ι
531 485 593 552 ET
616 483 871 552 REFLUXUS
894 485 1052 552 Manis.
1368 493 1431 552 289

142 664 233 717 motu
253 653 357 718 Lunae
377 652 563 730 conferenti,
587 675 808 738 supponamus·
819 653 930 716 orbem
949 653 1095 720 lmratem
1113 655 1195 744 arpis
1216 653 1377 741 compleri,
1400 669 1442 722 et·

143 783 324 848 queramus
335 785 500 828 aseneum
519 763 610 846 liujus
623 783 715 847 aquae
735 783 793 844 per
817 761 911 845 Prop.
929 761 987 825 IV.
1004 776 1035 826 et
1050 764 1090 829 V.
1136 765 1175 828 ln
1195 765 1287 848 Prop.
1307 764 1347 826 V.
1364 778 1433 828 erat

144 871 281 935 vmvad
301 894 333 958 g,
358 885 392 935 ut
410 880 424 933 l
442 871 482 934 ad
507 877 578 945 178,
596 876 678 943 7253
700 867 1241 954 quarsinhoccasuforetxzdzz
1261 879 1429 954 15v‚:8g

142 1013 188 1029 -
202 980 285 1063 sta,
308 993 334 1044 Χ
357 1002 416 1043 vt:
436 987 449 1042 l
469 1002 476 1041 :
494 986 628 1056 91,496:
646 976 786 1062 adeoque
801 978 959 1042 semi-axis
975 976 1087 1064 figurae
1101 980 1142 1042 ad
1157 980 1341 1042 semi-axem
1352 1003 1428 1042 con-

137 1083 283 1174 jugatum
298 1087 360 1172 (vel
374 1087 396 1150 d
416 1096 449 1163 -t-
467 1109 490 1150 x
505 1087 546 1152 ad
561 1086 583 1150 d
597 1124 641 1137 —
655 1087 690 1167 x)
709 1097 743 1150 ut
757 1093 874 1162 teate
898 1085 939 1150 ad
961 1095 1097 1163 usas&
1121 1110 1191 1173 quae
1206 1087 1269 1152 ferd
1285 1090 1433 1176 congruit

143 1214 216 1258 cum
231 1195 350 1258 ratione
363 1193 580 1260 distantiarum
595 1194 696 1259 Lunae
710 1193 744 1258 in
759 1193 955 1279 quadraturis
969 1206 1001 1257 et
1015 1193 1148 1280 syzygiis
1163 1216 1256 1279 quam
1273 1194 1439 1280 Helleyus'

62 1367 67 1378 ,
143 1323 185 1366 ex
207 1301 473 1366 observationibus
497 1300 642 1377 deducit3
664 1298 744 1365 aded
764 1313 800 1364 ut
813 1301 916 1388 figura
930 1302 1042 1364 orbitae
1063 1301 1180 1365 lunaris
1196 1301 1300 1385 specie
1313 1303 1368 1365 rix
1383 1301 1432 1366 di·

141 1429 231 1472 versa
253 1408 293 1472 sit
314 1408 354 1472 ab
376 1407 413 1471 ela
435 1429 530 1496 quarn
550 1407 663 1493 globus
678 1429 795 1492 aqueus
810 1407 971 1492 quiescens
995 1405 1095 1470 Lunae
1118 1407 1252 1470 orbitani
1268 1407 1427 1491 complens

142 1537 184 1576 ex
198 1514 229 1577 vi
247 1515 328 1578 Solis
344 1513 504 1589 indueret3
527 1513 630 1577 forent
644 1527 748 1577 tamen
769 1513 923 1597 positione
937 1513 1078 1592 diversae,
1095 1513 1249 1601 siquidem
1262 1513 1345 1578 illius
1361 1515 1430 1580 axis

141 1625 245 1687 minor
261 1621 367 1688 Solem
381 1623 535 1706 respiciat,
551 1621 643 1707 hujus
658 1624 724 1686 axis
740 1624 838 1708 major
852 1621 960 1687 versus
977 1624 1080 1688 Solem
1096 1623 1293 1711 dirigeretur.
1334 1626 1428 1690 Ratio

141 1729 264 1792 numeri
280 1737 320 1793 59
336 1728 376 1791 ad
392 1737 434 1793 60
450 1732 596 1814 (quarum
612 1727 877 1792 semi-differentia
891 1741 940 1792 est
953 1729 992 1792 ad
1008 1730 1253 1795 semi-summam
1267 1743 1303 1794 ut
1318 1740 1337 1794 3
1353 1754 1373 1795 v
1388 1731 1427 1795 ad

142 1860 165 1924 g
187 1835 279 1922 quim
301 1835 458 1921 proxime)
474 1835 572 1920 probe
595 1836 739 1922 congruit
760 1859 832 1900 cum
853 1838 973 1902 ratione
995 1839 1194 1902 semi-axium
1208 1839 1320 1926 figurae
1336 1864 1431 1927 quam

147 1967 228 2030 aqua
244 1967 284 2007 ex
298 1945 328 2006 vi
345 1943 426 2008 Solis
441 1941 593 2030 indueret,
610 1942 637 2005 si
651 1942 697 2004 vis
719 1943 877 2030 gravitatis
892 1944 1002 2006 eadem
1017 1954 1098 2007 esset
1110 1966 1168 2028 per
1182 1957 1280 2008 totam
1296 1946 1431 2010 circum·

143 2051 304 2114 serentium
321 2051 461 2128 ABab,
479 2062 514 2114 ut
527 2048 719 2114 ostendimus
735 2049 766 2112 in
784 2049 888 2144 Schol.
907 2059 935 2112 l.
954 2051 1049 2134 Prop.
1066 2050 1106 2112 V.
1152 2051 1309 2114 Ascensus
1324 2067 1428 2117 autem

143 2185 233 2248 aquae
250 2163 345 2247 Prop.
362 2162 402 2226 V.
418 2161 564 2225 definitus
580 2161 723 2245 congruit
738 2182 808 2224 cnm
830 2155 867 2224 ed
890 2182 983 2245 quam
999 2183 1039 2223 ex
1055 2161 1324 2227 observationibus
1340 2165 1428 2227 colli-

144 2269 191 2354 git
222 2267 397 2353 Halleyus3
434 2267 518 2330 unde
546 2267 696 2351 suspicari
729 2267 802 2329 licet
829 2266 1035 2330 differentiam
1063 2266 1289 2332 diametrorum
1320 2269 1431 2334 orbitae

144 2374 260 2438 lunaris
282 2371 377 2457 pauld
400 2373 468 2436 fieri
489 2374 638 2457 majorem
660 2393 700 2434 ex
722 2370 920 2436 decremento
941 2370 1100 2458 gravitatis
1122 2372 1225 2436 Lunae
1245 2374 1278 2435 in
1293 2373 1429 2438 Terram

145 2480 221 2543 dum
243 2481 352 2544 transit
373 2504 392 2542 a
414 2478 545 2567 syzygiis
568 2479 608 2542 ad
631 2477 844 2564 quadraturas,
869 2477 961 2542 simili
980 2477 1044 2541 sere
1066 2479 1185 2544 ratione
1200 2483 1260 2566 qui
1284 2503 1429 2546 ascensus

144 2609 233 2676 aquae
247 2587 364 2673 prodiit
377 2589 409 2651 in
425 2587 483 2652 hic
499 2587 717 2674 Propositione
730 2589 830 2673 major
851 2598 979 2672 propter
993 2609 1153 2651 excessum
1168 2587 1327 2674 gravitatis
1342 2609 1431 2673 aquae

144 2695 177 2756 in
200 2691 333 2758 'l'erram
354 2697 386 2758 in
408 2695 478 2758 loco
495 2694 523 2758 B
539 2717 633 2779 supra
654 2694 751 2777 ipsius
765 2693 949 2780 gravitatem
963 2695 995 2756 in
1009 2694 1080 2757 loco
1097 2695 1127 2756 A
1142 2693 1270 2779 aliisque
1285 2718 1304 2756 a
1318 2708 1426 2759 centro

145 2803 307 2868 distantiis.
351 2799 476 2868 Verdm·
494 2803 646 2890 quidquid
668 2803 694 2865 si
710 2800 915 2886 judicandum
936 2802 976 2866 de
999 2803 1119 2866 ratione
1134 2801 1358 2866 diametrorum
1378 2824 1430 2866 or-

146 2917 220 2980 bitae
241 2917 367 2994 lunaris,
391 2938 431 2980 ex
453 2915 502 2980 liis
525 2915 670 3002 colligere
692 2914 765 2978 licet
790 2935 952 2978 ascensum
973 2935 1064 2999 aquae
1087 2913 1186 2998 Prop,
1200 2912 1240 2975 V.
1264 2912 1430 2977 definitum

145 3025 294 3108 majorem
315 3027 368 3086 vix
390 3023 520 3087 evadere
541 3035 670 3106 propter
691 3035 810 3086 motum
830 3020 942 3084 Terrae
956 3022 1103 3085 diurnum
1118 3021 1201 3084 circa
1219 3043 1311 3084 axenr
1327 3043 1429 3086 suum.

148 3131 367 3215 Supponamus
382 3132 466 3195 enim
486 3129 571 3194 hunc
585 3142 705 3193 motum
719 3131 827 3216 angeri
847 3129 948 3192 donec
962 3129 1008 3192 vis
1023 3128 1195 3215 centrifuga
1210 3151 1250 3192 cx
1264 3130 1326 3192 hoc
1340 3144 1429 3194 motu

146 3235 279 3299 oriunda
300 3235 355 3299 fiat
376 3235 504 3322 aequalis
525 3234 679 3322 gravitati,
702 3247 732 3296 et
752 3232 914 3316 particulae
929 3233 1022 3296 maris
1036 3233 1234 3296 revolvantur
1249 3233 1290 3297 ad
1305 3257 1428 3297 morem

146 3343 311 3407 satellitum
332 3345 366 3406 in
387 3344 495 3408 orbitis
517 3340 610 3429 quam
630 3340 774 3428 proxime
795 3341 995 3406 circularibus
1010 3341 1144 3406 Terram
1164 3343 1427 3429 contingentibus.

147 3451 212 3516 Hae
235 3454 345 3518 orbitae
367 3466 458 3517 erunt
480 3451 634 3536 ellipticoe,
658 3472 790 3537 quarum
811 3473 885 3514 axes
907 3452 1043 3516 minores
1068 3452 1230 3536 productae
1250 3454 1428 3518 transibunt

145 3583 201 3644 per
224 3561 340 3626 Solem.
386 3561 429 3625 Et
450 3561 476 3624 si
498 3560 696 3624 semi-axium
717 3557 891 3630 differentia
906 3562 945 3624 sit
958 3561 1000 3624 ad
1014 3560 1291 3626 semi-diametrum
1307 3563 1426 3627 medio-

147 3691 230 3734 crem
251 3683 287 3734 ut
309 3680 329 3735 3
346 3669 377 3731 V
398 3669 439 3733 ad
462 3669 495 3735 G
518 3667 703 3754 (secundum
724 3692 762 3732 ea
782 3691 853 3757 quae
875 3669 915 3734 de
936 3672 1072 3735 motibus
1093 3671 1253 3737 lunaribus
1272 3673 1369 3738 tradit
1382 3673 1428 3734 vir

147 3777 352 3859 acutissimus)
375 3778 435 3842 erit
456 3777 558 3840 minor
580 3797 709 3840 ascensu
724 3797 813 3862 aquae
828 3774 922 3860 snprd
936 3776 1064 3840 definito
1082 3777 1176 3861 Prop.
1193 3778 1233 3842 V.
1255 3779 1289 3841 in
1305 3800 1367 3863 qua
1381 3779 1429 3840 in-

146 3883 286 3947 venimus
308 3891 327 3946 2
350 3905 373 3948 x
394 3905 460 3948 esse
482 3881 523 3945 ad
545 3881 623 3945 dut
647 3889 685 3946 15
709 3881 739 3944 V
761 3881 801 3945 ad
824 3891 843 3945 4
868 3880 909 3945 G.
957 3879 1099 3956 Quodsi
1121 3903 1297 3968 quaeramus
1314 3880 1429 3946 horum

148 3991 344 4056 semi-axium
365 3991 571 4056 differentiam
592 4013 633 4055 ex
654 3991 757 4077 figura
777 3991 888 4054 orbita
909 3990 1026 4055 lunaris
1048 3990 1263 4076 quitenus.ex
1282 3993 1429 4057 obserua-

148 4099 284 4166 tionibus
298 4099 462 4167 innotescit
477 4099 649 4165 secunddm
668 4101 769 4165 claris.
785 4099 968 4186 Halleyum,
991 4123 1103 4186 parum
1118 4103 1287 4168 admodum
1303 4123 1429 4188 supera-

147 4209 194 4274 bit
214 4229 376 4272 ascensum
396 4231 485 4295 aquae
507 4207 602 4294 suprd
623 4209 796 4273 definitum.
842 4209 910 4274 Nec
929 4211 1043 4274 mirum
1065 4211 1091 4274 si
1111 4233 1176 4276 non
1195 4211 1338 4278 accurate
1354 4233 1429 4276 con-

147 4315 282 4392 veniant,
306 4312 376 4378 edm
397 4316 531 4400 gravitas
553 4315 655 4380 Lnnae
669 4313 776 4398 uersus
791 4315 924 4380 Terram
940 4329 1086 4403 sequatur
1101 4320 1253 4384 rationem
1274 4321 1430 4382 inversam

147 4425 336 4509 duplicatam
365 4424 588 4502 distantiarum,
621 4425 756 4513 gravitas
787 4447 876 4510 aquae
904 4428 1004 4512 major
1033 4450 1158 4513 quoque
1186 4429 1226 4492 sit
1255 4429 1287 4490 in
1317 4428 1428 4512 majori

148 4531 301 4608 tetanus,
318 4531 451 4594 sednon
466 4531 498 4592 in
513 4526 627 4596 cddem'
636 4531 765 4595 ratione.
812 4529 894 4596 cnm
909 4531 978 4595 haec
992 4532 1199 4618 pliaenomena
1213 4533 1274 4598 sint
1284 4535 1427 4620 analoga,

147 4654 178 4706 et
198 4641 257 4706 sibi
279 4639 389 4704 mutuo
412 4639 546 4725 aliquam
561 4640 662 4706 lucem
677 4641 817 4718 afferant,
840 4641 909 4706 haec
924 4641 964 4706 de
978 4643 1016 4706 iis
1030 4643 1111 4706 inter
1127 4665 1160 4706 se
1174 4641 1294 4708 collatis
1309 4665 1428 4708 memo-

147 4773 217 4816 rare
237 4751 400 4818 videbatur
416 4751 689 4835 operaepretium.
737 4753 949 4836 Supponimus
963 4763 1068 4816 tamen
1088 4749 1142 4816 htc
1155 4773 1245 4836 aquae
1259 4767 1379 4818 motum
1396 4753 1429 4823 in

769 4855 811 4905 82
