3516 5870
405 557 596 626 FLUXUS
617 557 679 623 Ac
701 551 954 625 REFLUXUS
976 553 1135 624 MARIS.
1344 561 1403 621 aar

173 733 196 809 §.
210 735 264 792 51.
289 728 324 793 Si
337 728 485 814 quiajam
500 747 541 792 ex
554 727 614 791 hie
627 725 732 791 tubuli
746 725 949 791 elevationem
963 731 1056 792 maris
1071 749 1165 812 supra
1181 737 1294 791 statum
1309 727 1409 790 maxi-

134 855 192 897 nroe
205 834 413 919 depressionis
428 836 461 898 in
474 833 626 896 mensuris
643 831 777 917 cognitis
792 830 922 896 delinire
937 833 1077 910 voluerit,
1100 835 1126 896 is
1140 833 1209 897 loco
1224 831 1409 896 fractionum

132 943 274 1108 533&ss
296 1003 403 1046 earnm
424 979 544 1044 valeres
566 981 599 1044 in
620 979 753 1064 pedibus
775 978 923 1070 Patisinis
938 1003 980 1044 ex
997 987 1021 1064 §.
1037 989 1089 1046 41.
1105 982 1281 1059 substituat,
1302 979 1409 1046 habiti

130 1151 247 1214 ratione
268 1149 421 1214 dismntire
443 1148 545 1215 Lunoe
566 1171 588 1213 a
608 1147 719 1236 Terri,
741 1161 838 1233 prout
857 1149 973 1214 ibidem
1002 1161 1050 1214 est
1078 1149 1265 1234 expositum.
1321 1151 1409 1214 Con-

129 1265 299 1342 sequuntur
318 1267 423 1320 autem
447 1277 487 1319 ex
511 1254 570 1319 hac
599 1253 704 1320 tubuli
732 1249 831 1319 rhulta
858 1257 985 1343 egregia
1013 1253 1211 1332 consectaria,
1234 1277 1305 1341 quoe
1333 1255 1408 1320 verb

128 1368 265 1432 nondum
288 1389 411 1432 summo
432 1389 504 1432 cum
525 1368 631 1453 rigore
644 1366 685 1431 ad
699 1366 922 1450 experientiam
936 1365 1107 1430 examinari
1128 1379 1268 1449 possunt,
1290 1366 1408 1429 etiamsi

123 1475 185 1559 jam
211 1475 341 1562 insignis
363 1473 580 1538 convenientia
602 1472 863 1558 deprehendatur.
921 1473 1047 1558 Aqrram
1072 1471 1156 1535 enirn
1179 1469 1282 1535 adhuc
1306 1473 1407 1536 omnia

127 1581 245 1644 inertiae
256 1591 419 1664 expertem
433 1581 596 1663 ponimus3
612 1579 812 1664 perspicuum
825 1590 930 1642 autem
944 1589 1000 1656 est,
1023 1579 1049 1641 si
1063 1599 1153 1664 aquae
1168 1579 1279 1642 inertia
1292 1579 1408 1644 tribua-

126 1703 186 1768 tur,
203 1703 271 1754 turn
288 1689 412 1754 diversa
425 1691 553 1754 omnino
574 1691 783 1775 phaenomena
795 1691 872 1754 oriri
893 1701 1046 1775 oportere.
1093 1689 1189 1766 Qudd
1212 1691 1238 1754 si
1259 1693 1355 1780 igitur
1374 1693 1409 1757 hi

128 1799 274 1886 assigned
296 1797 423 1863 effectus
441 1801 508 1885 jam
529 1821 601 1864 curn
622 1799 890 1864 observationibus
911 1797 1004 1884 plane
1021 1798 1241 1878 consentirent,
1257 1801 1290 1862 id
1303 1799 1408 1885 potiris

127 1903 279 1970 theoriam
295 1895 448 1970 eierteret
461 1905 555 1992 quiam
569 1907 779 1985 confirmaret,
801 1905 874 1970 edm
889 1927 1001 1992 aquam
1015 1917 1103 1969 extra
1118 1915 1232 1970 statum
1247 1929 1337 1972 suum
1352 1931 1408 1972 na·

126 2013 257 2077 turalem
279 2015 376 2078 simus
398 2015 610 2100 contemplati.
655 2016 786 2079 interim
807 2026 912 2078 tamen
934 2015 1006 2078 satis
1028 2012 1096 2080 tutb
1112 2015 1178 2100 jam
1199 2026 1296 2078 status
1315 2018 1408 2081 maris

127 2119 185 2184 sub
206 2121 281 2206 ipsis
303 2122 384 2207 polis
406 2123 522 2207 poterit
543 2122 675 2201 definiri,
699 2124 752 2209 qui
774 2124 831 2189 etsi
852 2121 893 2186 ad
916 2125 1137 2208 experientiam
1152 2125 1324 2189 examinari
1344 2149 1409 2189 non

126 2241 237 2313 potest,
261 2242 365 2294 tamen
386 2231 452 2316 ipsi
474 2233 594 2295 ratione
615 2231 860 2297 confirmabitur.
906 2231 955 2297 Ac
976 2231 1078 2316 primi>
1100 2233 1226 2319 quidem
1248 2233 1306 2297 sub
1326 2233 1408 2318 polis

126 2335 212 2398 nulla
233 2335 293 2400 erit
313 2337 408 2400 maris
430 2337 560 2401 mutatio
581 2337 703 2414 diurna,
730 2335 803 2402 crim
823 2337 916 2400 Luna
932 2359 990 2422 per
1004 2349 1104 2402 totum
1118 2337 1202 2402 diem
1217 2338 1348 2404 eandem
1363 2355 1409 2404 te-
1516 2351 1527 2380 a

126 2455 199 2506 neat
212 2444 252 2507 ab
274 2442 437 2508 horizonte
459 2443 646 2522 distantiam,
669 2445 703 2508 id
724 2446 809 2532 quod
830 2446 899 2530 ipsa
913 2469 1036 2534 quoque
1050 2449 1129 2511 ratio
1144 2447 1249 2525 dictat,
1273 2449 1346 2534 quia
1366 2447 1410 2512 ibi

125 2572 189 2613 non
211 2548 304 2614 datur
325 2551 523 2628 meridianus,
547 2575 566 2616 a
586 2552 674 2636 cnjus
696 2550 829 2637 appulsu
848 2565 941 2616 aestus
956 2553 1051 2616 maris
1066 2552 1139 2617 alibi
1159 2553 1306 2618 aestimari
1321 2555 1409 2620 solet.

127 2655 266 2722 Dabitur
286 2670 391 2722 tamea
412 2656 461 2721 his
483 2657 559 2721 locis
580 2657 712 2721 mutatio
733 2671 900 2736 menstrua,
925 2671 1018 2744 atque
1033 2681 1113 2745 aqua
1127 2659 1263 2723 maxime
1277 2661 1337 2724 erit
1350 2661 1410 2725 hu-

124 2765 206 2828 milis
221 2763 293 2830 edm
310 2764 402 2829 Luna
417 2763 534 2848 inipso
548 2775 706 2850 aequatore
720 2775 879 2839 versatur;
895 2786 958 2849 quo
974 2764 1089 2850 quippe
1104 2777 1244 2848 ternpore
1258 2765 1409 2848 perpetuh

124 2871 320 2936 horizontem
343 2869 517 2954 occupabit.
564 2869 651 2934 Hinc
673 2868 769 2953 porri>
788 2892 870 2954 aqua
884 2869 998 2934 sensim
1013 2869 1185 2935 elevabitur
1198 2883 1294 2956 prout
1308 2871 1410 2936 Lunae

125 2979 291 3043 declinatio
306 2981 371 3042 sive
385 2977 492 3042 verstls
506 2977 635 3041 boream
650 2978 715 3042 sive
729 2976 836 3042 versds
852 2991 991 3051 austrum
1007 2992 1149 3065 augetur,
1169 2977 1269 3041 donec
1284 2976 1410 3042 tandem

126 3087 152 3152 si
167 3086 333 3152 declinatio
354 3085 390 3148 fit
410 3085 556 3160 maxima,
579 3106 636 3168 per
652 3085 787 3167 spatium
805 3095 844 3148 10
859 3085 1009 3168 pollicum
1023 3098 1145 3148 tantum
1160 3086 1316 3161 elevetur3
1339 3107 1410 3171 quae

125 3195 256 3259 mutatio
272 3192 344 3258 crlm
357 3193 397 3256 sit
410 3189 561 3277 perquim
575 3191 669 3270 lenta,
686 3191 726 3254 ab
741 3191 853 3255 inertia
867 3214 958 3278 aqnae
971 3193 1025 3256 vix
1039 3192 1224 3258 turbabitur.

170 3306 194 3383 §.
211 3307 262 3365 ⁵2.
285 3299 338 3364 Ex
358 3297 407 3361 his
430 3295 505 3361 verb
527 3295 636 3360 iisdem
657 3295 800 3360 formulis
822 3295 948 3361 effectus
964 3320 983 3362 a
999 3297 1072 3364 Sole
1087 3297 1237 3362 oriundus
1252 3321 1316 3362 non
1330 3299 1410 3363 diffi-

125 3409 225 3474 culter
246 3409 428 3495 colligetur3
455 3415 575 3469 tantum
599 3406 682 3469 enim
708 3405 895 3492 quantitates
923 3407 999 3470 Set
1019 3429 1048 3484 a,
1071 3405 1142 3470 loco
1157 3405 1186 3468 L
1199 3406 1409 3471 ethsubstitui

124 3528 260 3604 oportet,
283 3538 346 3602 quo
361 3514 444 3577 facto
459 3511 586 3578 effectus
610 3513 692 3578 Solis
714 3514 837 3578 circiter
852 3527 962 3600 quater
976 3514 1078 3579 minor
1092 3515 1263 3599 reperietur
1277 3512 1411 3603 quirnis

124 3629 180 3714 qui
198 3650 218 3691 a
238 3625 331 3692 Lunai
347 3623 455 3690 oritur.
503 3625 641 3690 Seorsim
657 3638 762 3690 autern
777 3623 849 3688 crim
866 3623 1028 3690 solistim
1044 3624 1145 3691 Lunae
1159 3624 1318 3688 effectibus
1332 3625 1410 3689 defi·

125 3737 209 3813 nitis,
231 3757 289 3820 per
310 3733 563 3820 conjunctionem
585 3735 754 3821 simplicem
779 3733 916 3814 effectus,
938 3758 1030 3822 quem
1045 3736 1137 3799 ambo
1157 3735 1321 3800 luminaria
1335 3757 1410 3799 con·

120 3843 254 3928 junctim
278 3843 470 3929 producunt,
499 3843 764 3908 determinabitur.
825 3843 982 3908 Ponamus
1007 3845 1111 3930 itaque
1140 3841 1276 3928 primdm
1304 3842 1410 3908 Solem

126 3947 313 4034 Lunamque
335 3949 369 4014 in
392 3948 611 4034 conjunctione
632 3950 757 4026 versari,
781 3949 814 4013 id
835 3950 920 4035 quod
938 3948 975 4014 lit
996 3961 1137 4034 ternpore
1151 3945 1320 4026 novilunii3
1343 3961 1410 4012 tum

125 4057 225 4144 igitur
244 4055 385 4142 neglecti
409 4057 512 4121 Lunae
534 4055 707 4134 latitudine,
735 4056 790 4121 Sol
811 4068 843 4120 et
863 4056 957 4121 Luna
977 4057 1009 4118 in
1032 4056 1141 4120 eodem
1167 4056 1317 4140 eclipticas
1339 4055 1410 4120 loco

126 4162 346 4241 versabuntur,
370 4175 462 4250 atque
484 4165 577 4229 simul
598 4164 640 4228 ad
660 4163 865 4228 meridianum
881 4163 969 4250 oequd
984 4185 1020 4228 ac
1035 4163 1077 4228 ad
1095 4163 1289 4228 horizontem
1304 4164 1411 4249 appel·

124 4271 203 4334 lent.
250 4267 408 4344 Quocirca
426 4271 624 4336 manentibus
646 4271 855 4355 superioribus
877 4270 1189 4350 denominationibus,
1213 4273 1272 4340 erit
1285 4295 1410 4360 quoque

125 4379 213 4446 Solis
229 4377 445 4443 declinationis
460 4381 544 4444 sinus
565 4405 597 4440 =
619 4380 661 4458 Q,
679 4380 802 4444 casinus
822 4405 854 4438 =
874 4402 904 4466 q,
921 4401 958 4444 ac
971 4401 1031 4464 pro
1045 4379 1161 4466 angulo
1177 4379 1215 4444 M
1232 4380 1260 4444 P
1276 4380 1305 4445 L
1324 4383 1411 4466 cujus

124 4485 255 4550 cosinus
270 4497 318 4550 est
331 4509 363 4544 =
380 4498 403 4562 t,
421 4486 479 4549 erit
490 4487 574 4550 sinus
585 4487 756 4551 altitudinis
774 4486 854 4552 Solis
864 4487 980 4570 pariter
990 4487 1036 4551 nti
1051 4486 1153 4551 Lunae
1163 4512 1194 4546 =
1204 4499 1246 4571 tp
1256 4497 1317 4573 q÷
1329 4489 1357 4553 P
1367 4488 1410 4565 Q.

127 4595 182 4660 Ex
197 4619 260 4682 quo
275 4595 352 4660 dum
366 4595 461 4660 arnbo
476 4595 639 4660 luminaria
661 4617 718 4682 per
738 4594 945 4660 meridianum
963 4592 1071 4658 versds
1085 4607 1223 4659 austrum
1239 4606 1409 4674 transeunt,

128 4725 221 4788 aquae
244 4705 387 4784 elevatio,
414 4725 487 4791 quae
509 4717 576 4770 tum
597 4706 657 4774 erit
678 4707 823 4783 maxima,
847 4703 1041 4770 altitudinem
1060 4705 1233 4770 naturalem
1254 4704 1411 4792 superabit
