3516 5870
413 532 702 600 aLtJXUsnc
727 531 979 600 REFLUXUS
1001 530 1182 604 Martis..
1367 533 1429 596 271

157 735 446 822 litardeprimur,
468 698 1435 824 aqaffiuperr'nremlturnDstEaa-quuo

1213 797 1282 861 2a³

156 913 390 997 iatadcpressio
404 911 502 996 duplo
517 912 621 974 minor
634 921 691 990 est,
707 909 802 998 quim
816 912 948 976 elevatio
961 935 1033 998 quae
1047 915 1080 978 in
1096 915 1127 978 A
1142 925 1174 978 et
1189 913 1217 978 B
1232 910 1352 976 accidit.
1389 907 1436 982 ,In

159 1026 283 1110 punctis
297 1035 449 1108 praeterea
464 1023 501 1099 F,
515 1023 558 1100 G,
573 1023 610 1086 H
625 1023 698 1101 etl,
714 1043 785 1109 quae
799 1045 819 1088 a
832 1023 1042 1090 cardinalibus
1057 1023 1087 1088 A
1104 1035 1136 1088 et
1151 1023 1180 1087 B
1193 1023 1313 1090 durant,
1322 1018 1438 1106 angulo

159 1127 221 1196 54⁰.
237 1131 290 1194 45'
304 1130 419 1214 quippe
432 1147 492 1211 pro
506 1150 570 1213 quo
578 1141 632 1194 est
646 1139 666 1194 9
677 1152 698 1193 0
712 1151 734 1192 0
745 1167 788 1180 -
802 1129 816 1193 1
839 1154 871 1190 =
891 1141 922 1209 0,
942 1153 1045 1215 neque
1058 1129 1229 1196 elevabitur
1243 1151 1323 1214 aqua
1337 1149 1438 1212 neque

159 1234 358 1319 deprimetur,
382 1233 437 1298 sed
458 1234 631 1298 naturalem
653 1236 770 1300 tenebit
791 1237 995 1302 altitudinem.
1050 1237 1090 1301 In
1110 1237 1181 1300 loco
1203 1247 1306 1299 autem
1328 1235 1439 1298 Terrae

159 1363 354 1428 quocumque
379 1342 418 1406 M
439 1355 644 1428 cognoscetur
664 1365 754 1428 aquoe
778 1343 827 1408 rel
850 1344 980 1408 elevatio
1002 1343 1064 1406 001
1074 1344 1233 1434 depressio
1259 1365 1299 1406 ex
1323 1341 1439 1428 angulo

158 1449 230 1512 AC
245 1447 294 1525 M,
318 1447 405 1532 cujus
428 1447 552 1511 cosinus
574 1471 595 1510 u
616 1460 663 1512 est
685 1449 770 1512 sinus
785 1448 956 1512 altitudinis
971 1448 1029 1512 sub
1036 1447 1105 1534 .quri
1127 1449 1181 1512 Sol
1196 1448 1245 1512 vel
1261 1447 1353 1512 Luna
1367 1447 1400 1510 in
1417 1447 1440 1514 S

51 1601 54 1608 -
158 1555 294 1619 existens
310 1575 404 1638 super
418 1551 582 1618 horizonte
596 1555 785 1638 conspicitur
800 1553 840 1618 ab
854 1555 1052 1618 observatore
1070 1554 1103 1618 in
1118 1554 1158 1618 M
1174 1554 1357 1629 constituto;
1378 1553 1441 1616 hoc

159 1663 242 1726 enim
262 1662 296 1724 in
317 1660 388 1724 loco
408 1683 491 1746 aqna
508 1661 625 1726 elevata
640 1661 700 1726 erit
714 1684 808 1746 supra
820 1660 992 1726 naturalem
1006 1659 1200 1724 altitudinem
1222 1657 1383 1724 intervallo
1403 1681 1437 1718 =

161 1769 395 1864 -S-——(⁵
243 1788 348 1928 33¹,-
361 1765 392 1842 1)
413 1812 446 1879 ·1·
464 1767 519 1830 su
531 1772 683 1932 15211811*
696 1769 747 1870 8l:
782 1828 853 1892 quae
875 1807 1041 1891 expressio·
1060 1807 1087 1869 si
1110 1805 1148 1868 lit
1170 1806 1322 1892 negativa,
1346 1766 1440 1867 maris

161 1971 392 2056 depressionem
407 1975 533 2046 indicat
579 1975 646 2040 Hic
660 1991 765 2044 autern
779 1989 931 2042 muctare
944 1998 1009 2042 non
1024 1989 1072 2040 est
1085 1995 1174 2060 opus,
1197 1975 1282 2062 qudd
1297 1976 1322 2038 si
1342 1997 1442 2059 pune-

161 2089 229 2144 tum
246 2081 269 2144 S
284 2081 342 2145 sub
357 2081 519 2148 horizonte
533 2083 637 2161 lateat,
655 2095 722 2148 tum
737 2085 823 2148 sinus
837 2082 1045 2168 depressionis
1059 2092 1183 2146 marreat
1197 2079 1321 2167 quidem
1336 2102 1367 2158 u,
1387 2077 1442 2142 sed

160 2183 307 2270 negative
322 2188 422 2271 accipi
436 2188 557 2252 debeat.

204 2297 228 2372 0.
243 2301 295 2356 38.
316 2292 515 2358 Defininrnus
537 2295 633 2382 igitur
653 2295 789 2380 prirnrlm
809 2295 881 2362 crim
900 2295 1103 2362 elevationem
1117 2293 1185 2359 tdm
1200 2293 1440 2378 depressionem,

164 2419 235 2482 quae
257 2419 276 2460 a
298 2396 363 2462 s‘olrl
385 2401 416 2462 vi
438 2399 520 2465 Solis
542 2402 657 2486 ubique
673 2401 845 2468 Terrarum
864 2403 997 2488 produci
1018 2401 1154 2478 deberet,
1178 2399 1205 2464 si
1223 2399 1267 2462 uti
1287 2397 1441 2482 ponimus,

167 2503 273 2568 omnia
294 2504 326 2566 in
349 2517 431 2569 statu
453 2507 617 2592 aequilibrii
639 2523 741 2574 essent
761 2511 937 2576 constituta.
983 2511 1141 2590 Quoniam
1162 2508 1266 2592 itaque
1287 2518 1335 2570 est
1357 2506 1382 2570 S
1406 2529 1439 2564 =

162 2619 290 2679 997519
300 2624 394 2698 atque
403 2637 423 2677 a
436 2639 468 2674 =
479 2623 586 2680 90690
595 2615 838 2682 semi-diameter
847 2618 967 2696 Terrae,
978 2618 1004 2682 si
1012 2639 1076 2681 unu
1085 2616 1196 2680 Terrae
1206 2611 1446 2678 semi-diameter

161 2771 337 2826 assumatur
353 2769 524 2828 19695599
538 2763 656 2848 pedum
674 2764 772 2829 Puris.
788 2767 847 2830 erit
855 2729 902 2892 Ξ
918 2787 955 2828 ἐ
975 2773 1094 2845 05079
1108 2765 1181 2848 ped.
1197 2785 1253 2830 seu
1271 2759 1444 2850 pauxillum

783 2939 808 3004 S

163 2975 293 3038 excedet
308 2972 528 3058 semi-pedem:
551 2977 638 3040 valor
653 2985 757 3042 autem
772 3025 817 3102 a'*
832 2977 959 3042 omnino
974 2977 1033 3042 erit
1043 2978 1198 3064 quantitas
1213 2993 1399 3038 evanescens
1413 2981 1445 3034 et

161 3143 426 3226 imperceptibllis.
477 3145 574 3208 Hanc
594 3145 636 3208 ob
657 3127 724 3208 renl
745 3146 779 3206 in
800 3147 980 3230 regionibus
998 3147 1057 3208 sub
1080 3146 1154 3210 8010
1168 3145 1355 3208 verticaliter
1369 3145 1445 3226 sitis,

166 3271 238 3336 quae
258 3249 394 3316 habeant
417 3251 522 3318 Solem
537 3252 586 3316 vel
607 3253 640 3316 in
655 3251 758 3316 zenith
773 3253 822 3316 vel
836 3253 936 3330 nadis,
960 3276 1041 3340 aqua
1055 3255 1136 3318 ultra
1150 3253 1344 3318 altitudinem
1358 3265 1447 3316 natu·

166 3357 262 3422 ralern
280 3357 426 3422 attoletur
441 3353 481 3422 ad
496 3358 699 3442 semi-pedem
715 3379 786 3421 cum
801 3359 922 3442 pollicis
936 3372 1026 3443 parte
1036 3357 1155 3424 decimi
1168 3359 1289 3423 circiter·
1297 3383 1306 3438 ;
1322 3359 1447 3444 depres-

169 3464 335 3528 sinautem
352 3465 489 3530 maxima
503 3463 593 3528 cadet
606 3462 639 3526 in
653 3463 732 3542 loca,
749 3485 819 3548 quae
836 3463 940 3530 Solem
955 3465 988 3528 in
1002 3465 1164 3530 horizonte
1178 3467 1376 3549 conspicient,
1393 3465 1446 3529 ubi

162 3591 245 3656 aqua
265 3570 306 3634 ad
329 3571 532 3657 quadrantem
554 3569 643 3653 pedis
666 3580 786 3633 tanturn
801 3569 1001 3664 deprimetur,
1025 3592 1065 3634 ex
1079 3593 1142 3657 quo
1157 3581 1255 3634 totum
1270 3571 1445 3650 discrimen,

165 3681 252 3766 quod
275 3705 296 3745 a
323 3681 449 3746 801010
470 3679 633 3744 altitudine
655 3701 745 3764 aqure
766 3679 900 3744 naturali
923 3682 1031 3758 oritur,
1058 3681 1099 3745 ad
1123 3693 1187 3746 tres
1211 3693 1336 3766 quartus
1358 3679 1447 3764 pedis

163 3799 269 3869 partes
283 3786 568 3874 circiterassurget
613 3785 677 3849 Iste
694 3785 775 3850 Solia
789 3786 916 3850 effectus
931 3798 1035 3850 autern
1050 3785 1204 3852 distantiae
1215 3798 1335 3850 tanturn
1349 3786 1447 3850 medi·

165 3891 231 3954 ocri
248 3893 327 3957 Solis
349 3893 378 3956 a'
392 3893 493 3957 Terrd
508 3903 555 3956 est
571 3891 774 3956 tribuendus:
797 3891 882 3977 qudd
897 3893 924 3955 si
939 3891 1023 3956 enim
1040 3893 1095 3957 801
1109 3905 1249 3956 versetur
1263 3891 1359 3956 00110
1373 3913 1448 3975 apo-

167 3997 313 4082 300001
333 4000 481 4086 parigreo,
505 4000 571 4084 ejus
585 3997 713 4064 effectus
728 3997 778 4062 vel
791 3996 925 4062 diminui
942 3999 991 4062 001
1010 3999 1118 4086 augeri
1139 3997 1264 4064 debebit
1281 3995 1448 4063 iuratione

167 4139 328 4226 reciproci
348 4141 500 4226 tn‘plicatrl
515 4141 731 4206 distantiarum
752 4141 833 4206 Solis
849 4165 868 4206 a
883 4141 993 4222 Terra,
1015 4144 1089 4230 quia
1109 4143 1224 4228 pendet
1238 4167 1257 4208 a
1271 4143 1374 4208 valore
1393 4106 1447 4271 g

170 4309 253 4375 Crim
266 4311 362 4398 igitur
377 4312 486 4377 orbitae
501 4314 612 4378 Terroe
627 4313 841 4378 excentricitas
857 4315 897 4377 sit
916 4339 948 4374 =
968 4311 1077 4397 7385„
1101 4313 1160 4378 erit
1174 4313 1369 4378 intervallrun
1386 4313 1447 4376 Aa

166 4418 217 4484 vel
241 4419 315 4496 Bb,
340 4417 415 4482 dum
432 4421 486 4484 Sol
506 4422 539 4484 in
553 4422 691 4509 perigaeo
705 4433 856 4498 versatur,
877 4445 910 4482 =
931 4429 1049 4500 05989
1063 4422 1140 4506 ped,
1151 4421 1199 4487 sin
1214 4432 1317 4488 autem
1340 4419 1396 4486 Sol
1413 4419 1447 4484 in

166 4549 299 4615 apogaeo
310 4528 350 4592 sit
357 4529 595 4607 consulatus,=
607 4539 724 4607 04895
740 4530 877 4616 pedum3
894 4551 1027 4617 quorum
1037 4531 1210 4597 differentia
1220 4529 1260 4595 ad
1271 4530 1447 4594 vicesimam

167 4633 256 4719 pedis
279 4647 402 4719 partem
426 4637 581 4702 ascendit:
610 4640 698 4704 valor
723 4652 828 4704 autem
849 4640 970 4704 medius
994 4652 1041 4706 est
1066 4665 1099 4702 =
1125 4646 1253 4720 05079,
1276 4659 1367 4726 quem
1387 4659 1447 4723 pro

166 4741 313 4808 mediocri
326 4741 472 4809 distantid
488 4743 569 4812 Solis
582 4769 601 4810 a
615 4744 715 4813 Terra
729 4749 911 4814 invenimus.

786 4857 837 4904 Ua
