3520 5884
333 517 353 574 4
612 501 951 575 PHILOSOPHIAE
974 500 1246 572 NATURALIS
1307 498 1380 577 [Ds
1396 495 1494 572 Mun.
1511 499 1608 578 Stet·-

329 689 434 768 partes
459 676 567 741 divisse
592 675 778 760 separabiles
803 685 913 752 esseut,
941 673 1103 738 sedetiam
1124 669 1209 759 quod
1233 667 1373 734 indivise
1394 671 1428 734 in
1449 670 1607 734 inlinitum

330 786 428 853 dividi
441 795 583 870 possent.
681 763 690 800 ’
1300 815 1310 851 t
1528 837 1530 842 .

373 892 520 977 Denique
544 890 572 954 si
596 911 728 974 corpora
752 889 858 953 omnia
881 889 915 952 in
939 887 1069 954 monitu
1092 897 1185 950 terrae
1209 886 1317 974 gravia
1338 907 1403 950 esse
1423 885 1458 950 in
1479 897 1593 952 terram

330 1002 426 1087 idque
438 1021 498 1084 pro
512 997 684 1083 quantitate
697 997 836 1062 meterioe
850 997 883 1060 in
897 992 1035 1078 singulis,
1056 1003 1089 1056 et
1100 992 1207 1056 lunsm
1220 1015 1347 1080 gravem
1362 1015 1429 1058 esse
1445 993 1478 1056 in
1492 1005 1606 1058 terram

330 1131 390 1196 pro
415 1107 587 1193 quantitate
608 1105 748 1168 materiae
773 1124 846 1176 sun,
873 1111 905 1162 et
917 1099 1052 1164 vicissim
1076 1121 1162 1196 mare
1186 1113 1330 1164 nostrum
1354 1123 1450 1188 greve
1478 1123 1545 1164 esse
1572 1099 1607 1162 in

330 1217 446 1294 lunam,
462 1229 494 1280 et
506 1215 647 1301 planetas
662 1237 769 1279 omnes
783 1231 893 1296 graves
909 1231 975 1272 esse
989 1209 1023 1272 in
1035 1231 1071 1273 se
1085 1221 1205 1286 mutuo,
1225 1221 1257 1274 et
1270 1222 1461 1274 cometarum
1475 1207 1607 1272 similem

330 1348 398 1390 esse
411 1326 594 1414 gravitatem
608 1325 643 1388 iu
655 1316 770 1394 solem,
792 1337 850 1401 per
864 1317 1077 1400 experimenta
1091 1329 1123 1382 et
1137 1317 1367 1382 observationes
1384 1317 1606 1392 astronomicas

330 1435 544 1500 universaliter
559 1439 693 1493 constet:
717 1426 885 1490 dicendum
899 1427 958 1490 e'rit
971 1447 1029 1510 per
1042 1425 1125 1490 hanc
1138 1425 1279 1513 regulam
1293 1425 1380 1511 quod
1393 1446 1526 1508 corpora
1540 1447 1609 1488 oru-

330 1543 383 1605 nia
404 1543 436 1602 in
457 1559 491 1601 se
511 1547 620 1600 mutuo
642 1533 805 1620 gmvitant
850 1531 934 1596 Nem
948 1544 980 1596 et
992 1531 1102 1599 fortius
1118 1533 1177 1596 erit
1190 1542 1409 1620 argumentum
1423 1553 1464 1596 ex
1477 1531 1607 1616 phaeno-

330 1645 429 1710 menis
450 1642 490 1706 de
511 1641 663 1729 gravitate
684 1638 870 1714 universali,
883 1635 976 1723 quim
991 1637 1031 1702 de
1049 1645 1216 1723 corporum
1237 1639 1545 1724 impenetrabilitetc:
1568 1640 1609 1706 de

331 1753 392 1839 quit
422 1749 528 1834 utique
563 1747 597 1810 iu
632 1746 816 1830 corporibus
847 1743 1023 1809 coelestibus
1051 1745 1174 1808 nullum
1202 1747 1461 1830 experimentum,
1491 1747 1609 1810 nullam

331 1873 459 1943 prorsus
473 1853 720 1918 observationem
733 1849 912 1928 habemus.¹
940 1851 1089 1914 Attamen
1103 1853 1288 1937 gravimtem
1303 1853 1485 1938 corporibus
1507 1875 1610 1918 esseu-

332 1965 436 2030 dalem
450 1985 517 2028 esse
530 1959 657 2025 minimb
672 1959 802 2024 affirmo.
841 1959 904 2024 Per
918 1959 982 2022 vim
995 1959 1121 2024 insitam
1134 1957 1274 2048 intelligo
1288 1961 1385 2024 solsun
1399 1962 1463 2023 vim
1480 1961 1608 2026 inertiae.

333 2071 417 2138 Haec
431 2070 630 2136 immutabilis
644 2081 700 2138 est.
747 2067 786 2154 (⁶)
803 2067 952 2134 Gravitas
966 2067 1142 2134 recedendo
1157 2067 1282 2147 aterni,
1298 2067 1489 2134 diminuitur.

837 2263 1032 2358 enpust
1055 2265 1113 2330 ιν.

332 2439 373 2503 In
388 2433 582 2521 philosophici
596 2419 832 2520 experimentali,
849 2437 1071 2519 propositiones
1086 2457 1122 2498 es
1130 2436 1333 2516 pbaenonenis
1341 2457 1401 2518 per
1415 2439 1610 2502 inductionem

231 2559 234 2572 ·
304 2595 309 2602 .
375 2547 514 2623 collecte,
538 2565 598 2608 non
619 2543 802 2607 obstantibus
822 2543 985 2606 contrariis
1007 2543 1220 2625 hypothesibus,
1235 2563 1296 2624 pro
1317 2545 1394 2606 cer-is
1408 2553 1461 2606 ant
1475 2541 1613 2608 cenerati

376 2659 431 2712 ortt
457 2647 678 2733 prompserint?
692 2649 798 2712 baberi
812 2649 926 2725 debent,
953 2651 1044 2712 donec
1058 2651 1123 2711 alia
1138 2651 1319 2713 occurrerint
1327 2652 1532 2732 pbaenomena,
1553 2675 1613 2736 per

377 2777 444 2840 ques
458 2766 512 2818 aut
526 2757 725 2818 somniares
738 2757 906 2817 reddantur
919 2764 973 2816 ant
988 2755 1205 2835 exceptionibus
1219 2757 1361 2820 obnosiae.

378 2921 416 3006 (θ)
434 2919 510 2984 Hoc
523 2919 594 2984 fieri
608 2918 755 2984 debetne
769 2931 988 3007 argumentum
1005 2918 1191 2986 inductionis
1206 2921 1332 2988 tollatur
1344 2945 1402 3008 per
1413 2922 1611 3010 hypotheses.

371 3086 431 3152 (‘)⁸
449 3087 689 3138 Gmsitsrrsoedende
704 3104 720 3134 o
735 3083 797 3135 tenti
813 3088 961 3144 dimirtnitm
994 3085 1064 3134 ductu
1079 3085 1108 3134 sd
1125 3085 1273 3135 stabiliendas
1288 3088 1358 3136 modo
1368 3087 1547 3136 dmonstrutlso
1557 3105 1612 3138 cen·

338 3160 368 3200 ut
377 3147 439 3198 tunt
450 3151 652 3200 deutonstrsbitut.
993 3150 1108 3198 clusiones
1129 3151 1247 3212 generales
1268 3153 1321 3198 satis
1340 3167 1387 3198 non
1404 3153 1458 3209 siut,
1477 3155 1613 3202 luctamen

372 3215 408 3279 (‘)
427 3217 441 3246 ⁸
468 3217 520 3264 Hoc
533 3217 591 3280 fieri
609 3217 678 3262 debet.
725 3213 796 3262 Hanc
813 3213 918 3276 regulam
938 3213 963 3259 in
994 3213 1145 3261 ratiocinandi
1166 3213 1249 3261 modus
1270 3224 1305 3261 est
1330 3215 1435 3264 omnium
1455 3231 1514 3278 quos
1534 3233 1611 3264 rerum

339 3277 508 3340 questionibus
517 3277 649 3338 opsieishoc
657 3276 705 3324 tert
711 3277 782 3324 motio
788 3279 884 3338 exponit
893 3277 963 3324 Ness-
994 3276 1079 3324 usturri
1092 3277 1212 3326 obmittere
1223 3278 1294 3338 possit
1303 3278 1412 3338 optimus,
1429 3279 1493 3342 isque
1503 3277 1532 3328 eb
1542 3281 1613 3328 tutior

340 3353 417 3389 tonus.
445 3341 476 3389 la
487 3341 586 3403 physicis
597 3355 644 3388 nou
655 3341 790 3388 mcusaciu
798 3339 964 3388 mathematicis
995 3341 1096 3399 reputer-i
1111 3340 1179 3388 debet
1197 3339 1244 3403 qub
1259 3341 1387 3402 generalior
1403 3351 1437 3390 est
1452 3343 1570 3402 inductio;
1592 3341 1613 3390 si

341 3404 449 3460 scientiis,
466 3405 497 3452 sd
512 3419 549 3452 res
564 3403 670 3454 dificiles
683 3403 832 3466 inquirendas
842 3403 966 3451 methodus
996 3414 1075 3452 sutem
1092 3405 1157 3452 nrrlls
1172 3405 1349 3466 repugnaverint
1365 3405 1524 3464 pbaenomene,
1541 3422 1613 3467 gene-

341 3467 456 3528 snslytics
474 3467 539 3527 prius
553 3469 731 3530 estusurpsntls
748 3465 819 3530 quito
838 3468 966 3529 synthetics
996 3467 1069 3515 rslem
1079 3469 1250 3516 conclusionem
1262 3466 1375 3514 deducere
1386 3467 1470 3516 licebit.
1507 3469 1614 3518 Sinvmb

342 3531 467 3577 metlrodus
485 3531 510 3576 in
532 3531 646 3578 auxilium
668 3542 768 3579 vocetur.
809 3531 870 3580 Huc
890 3531 966 3592 prims
996 3530 1104 3591 deinceps
1114 3531 1613 3594 conusdsoccumntphnncmenaexcep·

342 3592 467 3640 methodus
477 3592 542 3640 ineo
552 3594 624 3652 posits
634 3605 669 3642 est
679 3605 707 3642 ut
716 3594 869 3642 adhibeantur
876 3595 965 3654 esperi-
996 3594 1099 3642 tionibus
1115 3594 1246 3641 umesceriis
1259 3593 1381 3642 limitanda
1391 3597 1434 3643 erit
1444 3595 1512 3658 atqui
1523 3597 1615 3644 ranin-

343 3666 423 3704 ments
438 3653 819 3719 stqubobservstioneserquibus
830 3657 914 3704 deinde
925 3671 966 3717 per
997 3657 1074 3718 geu:
1090 3657 1214 3704 conclmio.
1259 3657 1340 3721 Hujus
1358 3659 1476 3720 anslyseos
1494 3660 1614 3708 auxilios

344 3717 502 3767 inductionem
514 3720 673 3768 conclusiones
700 3719 964 3776 eneralesdeduesntur,
997 3720 1127 3780 compositis
1142 3721 1172 3768 sd
1187 3721 1614 3784 simplicimmotibusadrirespro·

345 3797 392 3830 non
403 3783 546 3832 obstantibus
555 3783 675 3830 conumiis
683 3736 855 3843 bypotbesibus.
873 3782 918 3828 nisi
929 3797 967 3828 ess
998 3781 1114 3838 ducentes.
1134 3793 1158 3832 et
1172 3784 1299 3847 generatim
1315 3788 1343 3834 sb
1359 3785 1477 3833 effectibus
1492 3785 1521 3832 ad
1534 3802 1615 3834 sorum

344 3845 586 3908 sliquoesperimento
596 3843 967 3908 suteertialiquiteritstenixss
997 3860 1078 3894 muns
1095 3849 1208 3906 perveniri
1226 3858 1307 3910 potest.
1352 3849 1423 3904 Quod
1439 3849 1472 3896 ad
1489 3849 1615 3912 synthesim

345 3923 393 3956 esse
409 3910 470 3958 con'
503 3909 538 3954 rit.
577 3907 639 3956 Nam
650 3907 713 3969 quod
724 3908 861 3968 hypotheses
871 3917 965 3968 spectet,
998 3909 1102 3970 pertinet,
1124 3911 1175 3958 hec
1195 3927 1275 3958 csusss
1295 3915 1399 3974 cognitas
1419 3911 1488 3976 utqui
1511 3917 1614 3974 probatus

345 3987 379 4018 ese
395 3973 420 4019 iu
437 3919 583 4032 pilleusophtt
603 3971 776 4030 experimentsli
791 3971 868 4020 lotum
882 3973 967 4018 habere
999 3981 1110 4034 tansmrn
1127 3975 1237 4034 principis
1251 3975 1347 4022 assumit
1357 3991 1456 4038 quorum
1466 3993 1511 4038 ope
1520 3979 1614 4039 pheno

346 4049 393 4082 non
415 4035 507 4084 debent.
556 4035 671 4088 Quamvis
691 4035 810 4082 menonis
829 4038 858 4082 eb
876 4033 965 4094 asperi·
1000 4051 1069 4086 meos
1079 4035 1133 4084 iudi
1145 4047 1200 4086 ncta
1210 4037 1360 4100 explicemur.

347 4097 430 4148 mentis
446 4111 472 4148 et
486 4097 684 4148 observationibus
697 4109 741 4156 por
753 4097 911 4149 inductionem
925 4097 965 4146 do·
1252 4125 1254 4130 .
