<?xml version="1.0" encoding="UTF-8"?>
<!DOCTYPE html PUBLIC "-//W3C//DTD XHTML 1.0 Transitional//EN"
    "http://www.w3.org/TR/xhtml1/DTD/xhtml1-transitional.dtd">
<html xmlns="http://www.w3.org/1999/xhtml" xml:lang="en" lang="en">
 <head>
  <title>
</title>
<meta http-equiv="Content-Type" content="text/html;charset=utf-8" />
  <meta name='ocr-system' content='tesseract 3.04.00' />
  <meta name='ocr-capabilities' content='ocr_page ocr_carea ocr_par ocr_line ocrx_word'/>
</head>
<body>
  <div class='ocr_page' id='page_1' title='image "./philosophinatur03wriggoog_0372.png"; bbox 0 0 3516 5870; ppageno 0'>
   <div class='ocr_carea' id='block_1_1' title="bbox 415 559 1420 638">
    <p class='ocr_par' dir='ltr' id='par_1_1' title="bbox 415 559 1420 638">
     <span class='ocr_line' id='line_1_1' title="bbox 415 559 1420 638; baseline 0.004 -6"><span class='ocrx_word' id='word_1_1' title='bbox 415 559 616 632; x_wconf 88' lang='lat' dir='ltr'>.FLUXUS</span> <span class='ocrx_word' id='word_1_2' title='bbox 637 562 699 628; x_wconf 78' lang='lat' dir='ltr'>AC</span> <span class='ocrx_word' id='word_1_3' title='bbox 721 561 975 634; x_wconf 82' lang='lat' dir='ltr'><strong>REFLUXUS</strong></span> <span class='ocrx_word' id='word_1_4' title='bbox 996 567 1154 635; x_wconf 85' lang='lat' dir='ltr'><strong>MARIS.</strong></span> <span class='ocrx_word' id='word_1_5' title='bbox 1360 579 1420 638; x_wconf 72' lang='lat'>825</span> 
     </span>
    </p>
   </div>
   <div class='ocr_carea' id='block_1_2' title="bbox 147 734 1423 932">
    <p class='ocr_par' dir='ltr' id='par_1_2' title="bbox 147 693 1423 932">
     <span class='ocr_line' id='line_1_2' title="bbox 147 734 1421 830; baseline 0.003 -28"><span class='ocrx_word' id='word_1_6' title='bbox 147 735 290 830; x_wconf 69' lang='lat' dir='ltr'>muner</span> <span class='ocrx_word' id='word_1_7' title='bbox 311 735 414 802; x_wconf 68' lang='lat' dir='ltr'>nm</span> <span class='ocrx_word' id='word_1_8' title='bbox 434 757 492 823; x_wconf 70' lang='lat' dir='ltr'>per</span> <span class='ocrx_word' id='word_1_9' title='bbox 510 734 716 802; x_wconf 65' lang='lat' dir='ltr'>montanum</span> <span class='ocrx_word' id='word_1_10' title='bbox 738 747 785 802; x_wconf 67' lang='lat' dir='ltr'>ee</span> <span class='ocrx_word' id='word_1_11' title='bbox 804 737 987 804; x_wconf 67' lang='lat' dir='ltr'>mmmm</span> <span class='ocrx_word' id='word_1_12' title='bbox 1009 737 1063 824; x_wconf 77' lang='lat' dir='ltr'>qus</span> <span class='ocrx_word' id='word_1_13' title='bbox 1084 737 1195 802; x_wconf 65' lang='lat' dir='ltr'>eorem</span> <span class='ocrx_word' id='word_1_14' title='bbox 1207 749 1356 824; x_wconf 68' lang='lat' dir='ltr'>empore</span> <span class='ocrx_word' id='word_1_15' title='bbox 1375 740 1421 819; x_wconf 70' lang='lat' dir='ltr'>ss</span> 
     </span>
     <span class='ocr_line' id='line_1_3' title="bbox 147 843 1423 932; baseline 0.002 -22"><span class='ocrx_word' id='word_1_16' title='bbox 147 845 203 910; x_wconf 85' lang='lat' dir='ltr'>sed</span> <span class='ocrx_word' id='word_1_17' title='bbox 230 845 428 930; x_wconf 72' lang='lat' dir='ltr'>praecedenti,</span> <span class='ocrx_word' id='word_1_18' title='bbox 458 843 562 932; x_wconf 88' lang='lat' dir='ltr'>prouti</span> <span class='ocrx_word' id='word_1_19' title='bbox 590 843 763 910; x_wconf 82' lang='lat' dir='ltr'>successiva</span> <span class='ocrx_word' id='word_1_20' title='bbox 790 847 1007 912; x_wconf 75' lang='lat' dir='ltr'>retardationis</span> <span class='ocrx_word' id='word_1_21' title='bbox 1035 848 1226 912; x_wconf 87' lang='lat' dir='ltr'>incrementa</span> <span class='ocrx_word' id='word_1_22' title='bbox 1255 847 1295 911; x_wconf 90' lang='lat' dir='ltr'>ad</span> <span class='ocrx_word' id='word_1_23' title='bbox 1318 848 1423 914; x_wconf 77' lang='lat' dir='ltr'>littora</span> 
     </span>
    </p>
   </div>
   <div class='ocr_carea' id='block_1_3' title="bbox 145 949 1660 1040">
    <p class='ocr_par' dir='ltr' id='par_1_3' title="bbox 145 949 1660 1040">
     <span class='ocr_line' id='line_1_4' title="bbox 145 949 1660 1040; baseline 0.003 -24"><span class='ocrx_word' id='word_1_24' title='bbox 145 951 261 1016; x_wconf 69' lang='lat' dir='ltr'>eure</span> <span class='ocrx_word' id='word_1_25' title='bbox 281 962 314 1016; x_wconf 75' lang='lat' dir='ltr'>et</span> <span class='ocrx_word' id='word_1_26' title='bbox 335 951 435 1038; x_wconf 74' lang='lat' dir='ltr'>nugs</span> <span class='ocrx_word' id='word_1_27' title='bbox 451 949 587 1014; x_wconf 67' lang='lat' dir='ltr'>boreus</span> <span class='ocrx_word' id='word_1_28' title='bbox 600 949 828 1016; x_wconf 64' lang='lat' dir='ltr'>eudemius</span> <span class='ocrx_word' id='word_1_29' title='bbox 849 961 1013 1016; x_wconf 65' lang='lat' dir='ltr'>meum.</span> <span class='ocrx_word' id='word_1_30' title='bbox 1057 953 1308 1029; x_wconf 73' lang='lat' dir='ltr'>ouareeveru</span> <span class='ocrx_word' id='word_1_31' title='bbox 1322 955 1422 1040; x_wconf 56' lang='lat' dir='ltr'>pass</span> <span class='ocrx_word' id='word_1_32' title='bbox 1533 1007 1536 1014; x_wconf 74' lang='grc'>,</span> <span class='ocrx_word' id='word_1_33' title='bbox 1656 973 1660 982; x_wconf 77' lang='lat'>,</span> 
     </span>
    </p>
   </div>
   <div class='ocr_carea' id='block_1_4' title="bbox 142 1058 1450 1906">
    <p class='ocr_par' dir='ltr' id='par_1_4' title="bbox 142 1058 1450 1468">
     <span class='ocr_line' id='line_1_5' title="bbox 146 1058 1424 1148; baseline 0.002 -23"><span class='ocrx_word' id='word_1_34' title='bbox 146 1061 350 1147; x_wconf 83' lang='lat' dir='ltr'>Drmkerqute</span> <span class='ocrx_word' id='word_1_35' title='bbox 359 1061 428 1146; x_wconf 86' lang='lat' dir='ltr'>quis</span> <span class='ocrx_word' id='word_1_36' title='bbox 437 1058 617 1144; x_wconf 87' lang='lat' dir='ltr'>hujusmodi</span> <span class='ocrx_word' id='word_1_37' title='bbox 631 1059 863 1124; x_wconf 84' lang='lat' dir='ltr'>observationes</span> <span class='ocrx_word' id='word_1_38' title='bbox 872 1060 1065 1144; x_wconf 71' lang='lat' dir='ltr'>perlustrm</span> <span class='ocrx_word' id='word_1_39' title='bbox 1074 1061 1215 1138; x_wconf 87' lang='lat' dir='ltr'>voluerit,</span> <span class='ocrx_word' id='word_1_40' title='bbox 1231 1061 1258 1125; x_wconf 87' lang='lat' dir='ltr'>is</span> <span class='ocrx_word' id='word_1_41' title='bbox 1270 1083 1424 1148; x_wconf 84' lang='lat' dir='ltr'>quemque</span> 
     </span>
     <span class='ocr_line' id='line_1_6' title="bbox 144 1165 1423 1253; baseline 0.005 -23"><span class='ocrx_word' id='word_1_42' title='bbox 144 1167 265 1234; x_wconf 83' lang='lat' dir='ltr'>fluxum</span> <span class='ocrx_word' id='word_1_43' title='bbox 277 1189 342 1234; x_wconf 92' lang='lat' dir='ltr'>non</span> <span class='ocrx_word' id='word_1_44' title='bbox 355 1187 428 1232; x_wconf 87' lang='lat' dir='ltr'>oum</span> <span class='ocrx_word' id='word_1_45' title='bbox 441 1167 573 1232; x_wconf 74' lang='lat' dir='ltr'>moritu</span> <span class='ocrx_word' id='word_1_46' title='bbox 594 1167 697 1232; x_wconf 70' lang='lat' dir='ltr'>Luna</span> <span class='ocrx_word' id='word_1_47' title='bbox 717 1187 775 1252; x_wconf 87' lang='lat' dir='ltr'>per</span> <span class='ocrx_word' id='word_1_48' title='bbox 787 1167 1003 1232; x_wconf 88' lang='lat' dir='ltr'>meridianum·</span> <span class='ocrx_word' id='word_1_49' title='bbox 1013 1165 1161 1252; x_wconf 81' lang='lat' dir='ltr'>proximo</span> <span class='ocrx_word' id='word_1_50' title='bbox 1175 1182 1343 1253; x_wconf 82' lang='lat' dir='ltr'>comparet,</span> <span class='ocrx_word' id='word_1_51' title='bbox 1366 1173 1423 1236; x_wconf 88' lang='lat' dir='ltr'>sed</span> 
     </span>
     <span class='ocr_line' id='line_1_7' title="bbox 144 1274 1423 1364; baseline 0.004 -24"><span class='ocrx_word' id='word_1_52' title='bbox 144 1297 216 1340; x_wconf 86' lang='lat' dir='ltr'>cum</span> <span class='ocrx_word' id='word_1_53' title='bbox 229 1295 267 1340; x_wconf 88' lang='lat' dir='ltr'>eo</span> <span class='ocrx_word' id='word_1_54' title='bbox 284 1277 338 1362; x_wconf 86' lang='lat' dir='ltr'>qui</span> <span class='ocrx_word' id='word_1_55' title='bbox 351 1274 579 1360; x_wconf 89' lang='lat' dir='ltr'>propemodum</span> <span class='ocrx_word' id='word_1_56' title='bbox 596 1283 637 1338; x_wconf 70' lang='lat'>12</span> <span class='ocrx_word' id='word_1_57' title='bbox 657 1275 742 1340; x_wconf 86' lang='lat' dir='ltr'>boris</span> <span class='ocrx_word' id='word_1_58' title='bbox 756 1275 829 1342; x_wconf 75' lang='lat' dir='ltr'>anti</span> <span class='ocrx_word' id='word_1_59' title='bbox 843 1277 994 1364; x_wconf 80' lang='lat' dir='ltr'>contigit3</span> <span class='ocrx_word' id='word_1_60' title='bbox 1017 1277 1155 1363; x_wconf 88' lang='lat' dir='ltr'>alioquin</span> <span class='ocrx_word' id='word_1_61' title='bbox 1169 1278 1254 1344; x_wconf 86' lang='lat' dir='ltr'>euim</span> <span class='ocrx_word' id='word_1_62' title='bbox 1267 1281 1423 1346; x_wconf 78' lang='lat' dir='ltr'>conunria</span> 
     </span>
     <span class='ocr_line' id='line_1_8' title="bbox 142 1383 1450 1468; baseline 0.002 -20"><span class='ocrx_word' id='word_1_63' title='bbox 142 1383 721 1468; x_wconf 77' lang='lat' dir='ltr'>pbaenomenaessetdeprebeusurus.</span> <span class='ocrx_word' id='word_1_64' title='bbox 1448 1455 1450 1462; x_wconf 62' lang='grc'>,</span> 
     </span>
    </p>

    <p class='ocr_par' dir='ltr' id='par_1_5' title="bbox 142 1487 1420 1906">
     <span class='ocr_line' id='line_1_9' title="bbox 184 1487 1420 1576; baseline 0.004 -22"><span class='ocrx_word' id='word_1_65' title='bbox 184 1495 209 1573; x_wconf 72' lang='lat' dir='ltr'>t.</span> <span class='ocrx_word' id='word_1_66' title='bbox 227 1499 298 1556; x_wconf 83' lang='lat' dir='ltr'>loe.</span> <span class='ocrx_word' id='word_1_67' title='bbox 325 1488 516 1554; x_wconf 86' lang='lat' dir='ltr'>Commodus</span> <span class='ocrx_word' id='word_1_68' title='bbox 538 1487 591 1554; x_wconf 87' lang='lat' dir='ltr'>bio</span> <span class='ocrx_word' id='word_1_69' title='bbox 611 1490 703 1556; x_wconf 88' lang='lat' dir='ltr'>nobis</span> <span class='ocrx_word' id='word_1_70' title='bbox 716 1490 882 1576; x_wconf 73' lang='lat' dir='ltr'>&#39;prabetur</span> <span class='ocrx_word' id='word_1_71' title='bbox 903 1490 993 1556; x_wconf 83' lang='lat' dir='ltr'>locus</span> <span class='ocrx_word' id='word_1_72' title='bbox 1012 1490 1191 1576; x_wconf 83' lang='lat' dir='ltr'>explicandi</span> <span class='ocrx_word' id='word_1_73' title='bbox 1215 1493 1378 1558; x_wconf 82' lang='lat' dir='ltr'>transitum</span> <span class='ocrx_word' id='word_1_74' title='bbox 1401 1517 1420 1560; x_wconf 84' lang='lat' dir='ltr'>a</span> 
     </span>
     <span class='ocr_line' id='line_1_10' title="bbox 142 1595 1419 1686; baseline 0.004 -24"><span class='ocrx_word' id='word_1_75' title='bbox 142 1597 224 1662; x_wconf 86' lang='lat' dir='ltr'>binis</span> <span class='ocrx_word' id='word_1_76' title='bbox 245 1596 392 1677; x_wconf 69' lang='lat' dir='ltr'>aestubus,</span> <span class='ocrx_word' id='word_1_77' title='bbox 415 1595 476 1685; x_wconf 80' lang='lat' dir='ltr'>qut</span> <span class='ocrx_word' id='word_1_78' title='bbox 490 1596 628 1686; x_wconf 76' lang='lat' dir='ltr'>quotidie</span> <span class='ocrx_word' id='word_1_79' title='bbox 640 1597 675 1662; x_wconf 90' lang='lat' dir='ltr'>in</span> <span class='ocrx_word' id='word_1_80' title='bbox 688 1597 871 1684; x_wconf 81' lang='lat' dir='ltr'>regionibus</span> <span class='ocrx_word' id='word_1_81' title='bbox 879 1609 971 1662; x_wconf 86' lang='lat' dir='ltr'>extra</span> <span class='ocrx_word' id='word_1_82' title='bbox 985 1597 1116 1664; x_wconf 79' lang='lat' dir='ltr'>circulos</span> <span class='ocrx_word' id='word_1_83' title='bbox 1129 1597 1253 1682; x_wconf 82' lang='lat' dir='ltr'>polares</span> <span class='ocrx_word' id='word_1_84' title='bbox 1268 1601 1333 1664; x_wconf 88' lang='lat' dir='ltr'>sitis</span> <span class='ocrx_word' id='word_1_85' title='bbox 1348 1623 1419 1668; x_wconf 87' lang='lat' dir='ltr'>eve·</span> 
     </span>
     <span class='ocr_line' id='line_1_11' title="bbox 142 1701 1420 1794; baseline 0.002 -24"><span class='ocrx_word' id='word_1_86' title='bbox 142 1705 243 1781; x_wconf 84' lang='lat' dir='ltr'>niunt,</span> <span class='ocrx_word' id='word_1_87' title='bbox 264 1705 306 1770; x_wconf 90' lang='lat' dir='ltr'>ad</span> <span class='ocrx_word' id='word_1_88' title='bbox 326 1705 465 1793; x_wconf 78' lang='lat' dir='ltr'>singulos</span> <span class='ocrx_word' id='word_1_89' title='bbox 486 1717 590 1785; x_wconf 72' lang='lat' dir='ltr'>asnis,</span> <span class='ocrx_word' id='word_1_90' title='bbox 606 1704 667 1791; x_wconf 87' lang='lat' dir='ltr'>&#39;qui</span> <span class='ocrx_word' id='word_1_91' title='bbox 688 1701 860 1769; x_wconf 82' lang='lat' dir='ltr'>seumdtim</span> <span class='ocrx_word' id='word_1_92' title='bbox 873 1702 1027 1770; x_wconf 85' lang='lat' dir='ltr'>theoriam</span> <span class='ocrx_word' id='word_1_93' title='bbox 1039 1715 1179 1768; x_wconf 87' lang='lat' dir='ltr'>nostram</span> <span class='ocrx_word' id='word_1_94' title='bbox 1192 1704 1227 1768; x_wconf 92' lang='lat' dir='ltr'>in</span> <span class='ocrx_word' id='word_1_95' title='bbox 1239 1705 1420 1794; x_wconf 71' lang='lat' dir='ltr'>regionibus</span> 
     </span>
     <span class='ocr_line' id='line_1_12' title="bbox 142 1803 1420 1906; baseline 0.004 -27"><span class='ocrx_word' id='word_1_96' title='bbox 142 1803 494 1906; x_wconf 69' lang='lat' dir='ltr'>polaribus&#39;oontingere</span> <span class='ocrx_word' id='word_1_97' title='bbox 508 1818 633 1883; x_wconf 87' lang='lat' dir='ltr'>debent.</span> <span class='ocrx_word' id='word_1_98' title='bbox 678 1816 838 1893; x_wconf 78' lang='lat' dir='ltr'>Quosdam</span> <span class='ocrx_word' id='word_1_99' title='bbox 852 1818 936 1882; x_wconf 89' lang='lat' dir='ltr'>enim</span> <span class='ocrx_word' id='word_1_100' title='bbox 949 1816 1072 1881; x_wconf 84' lang='lat' dir='ltr'>theoria</span> <span class='ocrx_word' id='word_1_101' title='bbox 1084 1827 1191 1882; x_wconf 74' lang='lat' dir='ltr'>noema</span> <span class='ocrx_word' id='word_1_102' title='bbox 1203 1831 1367 1896; x_wconf 82' lang='lat' dir='ltr'>monstret,</span> <span class='ocrx_word' id='word_1_103' title='bbox 1386 1822 1420 1884; x_wconf 93' lang='lat' dir='ltr'>iu</span> 
     </span>
    </p>
   </div>
   <div class='ocr_carea' id='block_1_5' title="bbox 142 1923 1537 2014">
    <p class='ocr_par' dir='ltr' id='par_1_6' title="bbox 142 1923 1537 2014">
     <span class='ocr_line' id='line_1_13' title="bbox 142 1923 1537 2014; baseline 0.003 -26"><span class='ocrx_word' id='word_1_104' title='bbox 142 1923 229 1988; x_wconf 83' lang='lat' dir='ltr'>sonis</span> <span class='ocrx_word' id='word_1_105' title='bbox 242 1926 419 2010; x_wconf 69' lang='lat' dir='ltr'>temperatis</span> <span class='ocrx_word' id='word_1_106' title='bbox 433 1938 466 1991; x_wconf 87' lang='lat' dir='ltr'>et</span> <span class='ocrx_word' id='word_1_107' title='bbox 478 1926 595 1992; x_wconf 76' lang='lat' dir='ltr'>torridi</span> <span class='ocrx_word' id='word_1_108' title='bbox 611 1927 752 2014; x_wconf 89' lang='lat' dir='ltr'>quotidie</span> <span class='ocrx_word' id='word_1_109' title='bbox 764 1926 844 1992; x_wconf 89' lang='lat' dir='ltr'>duos</span> <span class='ocrx_word' id='word_1_110' title='bbox 858 1927 962 1990; x_wconf 74' lang='lat' dir='ltr'>flamus</span> <span class='ocrx_word' id='word_1_111' title='bbox 976 1927 1133 1992; x_wconf 87' lang='lat' dir='ltr'>observari</span> <span class='ocrx_word' id='word_1_112' title='bbox 1147 1927 1271 2006; x_wconf 84' lang='lat' dir='ltr'>debere,</span> <span class='ocrx_word' id='word_1_113' title='bbox 1287 1928 1320 1990; x_wconf 92' lang='lat' dir='ltr'>in</span> <span class='ocrx_word' id='word_1_114' title='bbox 1334 1929 1420 1994; x_wconf 82' lang='lat' dir='ltr'>zonis</span> <span class='ocrx_word' id='word_1_115' title='bbox 1534 1982 1537 1986; x_wconf 97' lang='lat'>.</span> 
     </span>
    </p>
   </div>
   <div class='ocr_carea' id='block_1_6' title="bbox 141 2030 1421 2444">
    <p class='ocr_par' dir='ltr' id='par_1_7' title="bbox 141 2030 1421 2444">
     <span class='ocr_line' id='line_1_14' title="bbox 141 2030 1421 2120; baseline 0.004 -25"><span class='ocrx_word' id='word_1_116' title='bbox 141 2030 262 2120; x_wconf 77' lang='lat' dir='ltr'>frigidis</span> <span class='ocrx_word' id='word_1_117' title='bbox 283 2045 385 2098; x_wconf 85' lang='lat' dir='ltr'>autem</span> <span class='ocrx_word' id='word_1_118' title='bbox 407 2055 504 2099; x_wconf 88' lang='lat' dir='ltr'>unum</span> <span class='ocrx_word' id='word_1_119' title='bbox 525 2046 657 2113; x_wconf 85' lang='lat' dir='ltr'>tentum,</span> <span class='ocrx_word' id='word_1_120' title='bbox 680 2034 822 2100; x_wconf 86' lang='lat' dir='ltr'>transitio</span> <span class='ocrx_word' id='word_1_121' title='bbox 842 2033 1005 2098; x_wconf 85' lang='lat' dir='ltr'>subitanea</span> <span class='ocrx_word' id='word_1_122' title='bbox 1025 2055 1045 2098; x_wconf 88' lang='lat' dir='ltr'>a</span> <span class='ocrx_word' id='word_1_123' title='bbox 1066 2035 1187 2098; x_wconf 80' lang='lat' dir='ltr'>binario</span> <span class='ocrx_word' id='word_1_124' title='bbox 1209 2033 1250 2099; x_wconf 88' lang='lat' dir='ltr'>ad</span> <span class='ocrx_word' id='word_1_125' title='bbox 1271 2035 1421 2100; x_wconf 84' lang='lat' dir='ltr'>mritatem</span> 
     </span>
     <span class='ocr_line' id='line_1_15' title="bbox 142 2140 1420 2232; baseline 0.001 -26"><span class='ocrx_word' id='word_1_126' title='bbox 142 2140 277 2206; x_wconf 76' lang='lat' dir='ltr'>maxime</span> <span class='ocrx_word' id='word_1_127' title='bbox 297 2143 447 2208; x_wconf 80' lang='lat' dir='ltr'>nrirabilis</span> <span class='ocrx_word' id='word_1_128' title='bbox 468 2166 506 2209; x_wconf 86' lang='lat' dir='ltr'>ac</span> <span class='ocrx_word' id='word_1_129' title='bbox 525 2144 687 2229; x_wconf 84' lang='lat' dir='ltr'>paradoxa</span> <span class='ocrx_word' id='word_1_130' title='bbox 706 2143 806 2209; x_wconf 89' lang='lat' dir='ltr'>videri</span> <span class='ocrx_word' id='word_1_131' title='bbox 826 2155 940 2230; x_wconf 72' lang='lat' dir='ltr'>posset.</span> <span class='ocrx_word' id='word_1_132' title='bbox 996 2145 1060 2210; x_wconf 86' lang='lat' dir='ltr'>Sed</span> <span class='ocrx_word' id='word_1_133' title='bbox 1079 2147 1162 2232; x_wconf 84' lang='lat' dir='ltr'>quia,</span> <span class='ocrx_word' id='word_1_134' title='bbox 1183 2146 1210 2209; x_wconf 85' lang='lat' dir='ltr'>ei</span> <span class='ocrx_word' id='word_1_135' title='bbox 1230 2145 1333 2210; x_wconf 71' lang='lat' dir='ltr'>dubus</span> <span class='ocrx_word' id='word_1_136' title='bbox 1353 2142 1420 2207; x_wconf 91' lang='lat' dir='ltr'>bini</span> 
     </span>
     <span class='ocr_line' id='line_1_16' title="bbox 142 2247 1421 2335; baseline 0.002 -25"><span class='ocrx_word' id='word_1_137' title='bbox 142 2247 308 2312; x_wconf 85' lang='lat' dir='ltr'>suecessivi</span> <span class='ocrx_word' id='word_1_138' title='bbox 326 2248 410 2312; x_wconf 84' lang='lat' dir='ltr'>inser</span> <span class='ocrx_word' id='word_1_139' title='bbox 430 2269 463 2312; x_wconf 86' lang='lat' dir='ltr'>se</span> <span class='ocrx_word' id='word_1_140' title='bbox 484 2261 559 2312; x_wconf 84' lang='lat' dir='ltr'>sunt</span> <span class='ocrx_word' id='word_1_141' title='bbox 578 2249 757 2334; x_wconf 83' lang='lat' dir='ltr'>inssqusles,</span> <span class='ocrx_word' id='word_1_142' title='bbox 778 2249 918 2314; x_wconf 69' lang='lat' dir='ltr'>redimus</span> <span class='ocrx_word' id='word_1_143' title='bbox 939 2271 1029 2335; x_wconf 71' lang='lat' dir='ltr'>aqua</span> <span class='ocrx_word' id='word_1_144' title='bbox 1043 2268 1099 2314; x_wconf 84' lang='lat' dir='ltr'>seu</span> <span class='ocrx_word' id='word_1_145' title='bbox 1112 2250 1248 2314; x_wconf 70' lang='lat' dir='ltr'>meamne</span> <span class='ocrx_word' id='word_1_146' title='bbox 1262 2247 1421 2334; x_wconf 70' lang='lat' dir='ltr'>depressio</span> 
     </span>
     <span class='ocr_line' id='line_1_17' title="bbox 141 2341 1420 2444; baseline -0.001 -25"><span class='ocrx_word' id='word_1_147' title='bbox 141 2355 242 2420; x_wconf 85' lang='lat' dir='ltr'>fluxui</span> <span class='ocrx_word' id='word_1_148' title='bbox 260 2355 375 2420; x_wconf 86' lang='lat' dir='ltr'>minori</span> <span class='ocrx_word' id='word_1_149' title='bbox 395 2369 443 2421; x_wconf 87' lang='lat' dir='ltr'>est</span> <span class='ocrx_word' id='word_1_150' title='bbox 461 2341 602 2436; x_wconf 73' lang='lat' dir='ltr'>vicinior,</span> <span class='ocrx_word' id='word_1_151' title='bbox 625 2356 690 2420; x_wconf 91' lang='lat' dir='ltr'>bini</span> <span class='ocrx_word' id='word_1_152' title='bbox 704 2371 798 2422; x_wconf 68' lang='lat' dir='ltr'>usura</span> <span class='ocrx_word' id='word_1_153' title='bbox 812 2377 936 2444; x_wconf 86' lang='lat' dir='ltr'>quoque</span> <span class='ocrx_word' id='word_1_154' title='bbox 950 2357 1114 2422; x_wconf 73' lang='lat' dir='ltr'>mocessivi</span> <span class='ocrx_word' id='word_1_155' title='bbox 1136 2358 1257 2422; x_wconf 88' lang='lat' dir='ltr'>ratione</span> <span class='ocrx_word' id='word_1_156' title='bbox 1270 2355 1420 2441; x_wconf 84' lang='lat' dir='ltr'>temporis</span> 
     </span>
    </p>
   </div>
   <div class='ocr_carea' id='block_1_7' title="bbox 141 2463 1555 2553">
    <p class='ocr_par' dir='ltr' id='par_1_8' title="bbox 141 2463 1555 2553">
     <span class='ocr_line' id='line_1_18' title="bbox 141 2463 1555 2553; baseline 0.001 -24"><span class='ocrx_word' id='word_1_157' title='bbox 141 2463 1421 2553; x_wconf 62' lang='lat' dir='ltr'>interseenmtinaequslmiqnidemvooeaeatbsintelligamusmotumaqun</span> <span class='ocrx_word' id='word_1_158' title='bbox 1474 2503 1478 2510; x_wconf 91' lang='lat'><strong>·</strong></span> <span class='ocrx_word' id='word_1_159' title='bbox 1553 2496 1555 2499; x_wconf 93' lang='lat'>·</span> 
     </span>
    </p>
   </div>
   <div class='ocr_carea' id='block_1_8' title="bbox 139 2565 1429 3205">
    <p class='ocr_par' dir='ltr' id='par_1_9' title="bbox 139 2565 1429 3205">
     <span class='ocr_line' id='line_1_19' title="bbox 141 2565 1421 2660; baseline -0.002 -21"><span class='ocrx_word' id='word_1_160' title='bbox 141 2593 162 2639; x_wconf 84' lang='lat' dir='ltr'>a</span> <span class='ocrx_word' id='word_1_161' title='bbox 186 2572 307 2638; x_wconf 69' lang='lat' dir='ltr'>summi</span> <span class='ocrx_word' id='word_1_162' title='bbox 331 2573 501 2640; x_wconf 73' lang='lat' dir='ltr'>elevatione</span> <span class='ocrx_word' id='word_1_163' title='bbox 524 2575 566 2640; x_wconf 85' lang='lat' dir='ltr'>ad</span> <span class='ocrx_word' id='word_1_164' title='bbox 587 2575 683 2640; x_wconf 86' lang='lat' dir='ltr'>imam</span> <span class='ocrx_word' id='word_1_165' title='bbox 706 2572 938 2660; x_wconf 83' lang='lat' dir='ltr'>depressionem</span> <span class='ocrx_word' id='word_1_166' title='bbox 958 2595 1068 2659; x_wconf 87' lang='lat' dir='ltr'>usque,</span> <span class='ocrx_word' id='word_1_167' title='bbox 1093 2594 1131 2637; x_wconf 84' lang='lat' dir='ltr'>ec</span> <span class='ocrx_word' id='word_1_168' title='bbox 1154 2569 1301 2636; x_wconf 85' lang='lat' dir='ltr'>vicissim.</span> <span class='ocrx_word' id='word_1_169' title='bbox 1346 2565 1421 2644; x_wconf 78' lang='lat' dir='ltr'>Qud</span> 
     </span>
     <span class='ocr_line' id='line_1_20' title="bbox 141 2675 1421 2774; baseline -0.008 -24"><span class='ocrx_word' id='word_1_170' title='bbox 141 2683 242 2774; x_wconf 77' lang='lat' dir='ltr'>magis</span> <span class='ocrx_word' id='word_1_171' title='bbox 256 2684 360 2769; x_wconf 82' lang='lat' dir='ltr'>itaque</span> <span class='ocrx_word' id='word_1_172' title='bbox 374 2684 415 2749; x_wconf 94' lang='lat' dir='ltr'>ab</span> <span class='ocrx_word' id='word_1_173' title='bbox 428 2697 585 2772; x_wconf 73' lang='lat' dir='ltr'>aquator-e</span> <span class='ocrx_word' id='word_1_174' title='bbox 594 2682 703 2749; x_wconf 78' lang='lat' dir='ltr'>vereris</span> <span class='ocrx_word' id='word_1_175' title='bbox 716 2683 807 2769; x_wconf 85' lang='lat' dir='ltr'>polos</span> <span class='ocrx_word' id='word_1_176' title='bbox 822 2681 995 2760; x_wconf 76' lang='lat' dir='ltr'>recedatur,</span> <span class='ocrx_word' id='word_1_177' title='bbox 1008 2681 1047 2746; x_wconf 82' lang='lat' dir='ltr'>ed</span> <span class='ocrx_word' id='word_1_178' title='bbox 1060 2681 1160 2766; x_wconf 89' lang='lat' dir='ltr'>major</span> <span class='ocrx_word' id='word_1_179' title='bbox 1168 2675 1421 2764; x_wconf 84' lang='lat' dir='ltr'>deprehendetur</span> 
     </span>
     <span class='ocr_line' id='line_1_21' title="bbox 140 2778 1422 2876; baseline -0.005 -26"><span class='ocrx_word' id='word_1_180' title='bbox 140 2785 224 2852; x_wconf 87' lang='lat' dir='ltr'>inter</span> <span class='ocrx_word' id='word_1_181' title='bbox 245 2788 334 2854; x_wconf 88' lang='lat' dir='ltr'>binos</span> <span class='ocrx_word' id='word_1_182' title='bbox 356 2800 450 2856; x_wconf 68' lang='lat' dir='ltr'>{estus</span> <span class='ocrx_word' id='word_1_183' title='bbox 472 2790 662 2855; x_wconf 86' lang='lat' dir='ltr'>successivos</span> <span class='ocrx_word' id='word_1_184' title='bbox 675 2788 877 2876; x_wconf 66' lang='lat' dir='ltr'>inequalitas,</span> <span class='ocrx_word' id='word_1_185' title='bbox 895 2786 968 2854; x_wconf 78' lang='lat' dir='ltr'>etim</span> <span class='ocrx_word' id='word_1_186' title='bbox 982 2787 1102 2864; x_wconf 87' lang='lat' dir='ltr'>ratione</span> <span class='ocrx_word' id='word_1_187' title='bbox 1115 2782 1340 2872; x_wconf 76' lang='lat' dir='ltr'>magnitudinis</span> <span class='ocrx_word' id='word_1_188' title='bbox 1354 2778 1422 2844; x_wconf 78' lang='lat' dir='ltr'>tritu</span> 
     </span>
     <span class='ocr_line' id='line_1_22' title="bbox 139 2885 1429 2984; baseline -0.011 -20"><span class='ocrx_word' id='word_1_189' title='bbox 139 2893 299 2983; x_wconf 73' lang='lat' dir='ltr'>respons,</span> <span class='ocrx_word' id='word_1_190' title='bbox 311 2899 424 2984; x_wconf 63' lang='lat' dir='ltr'>”major</span> <span class='ocrx_word' id='word_1_191' title='bbox 447 2896 532 2962; x_wconf 86' lang='lat' dir='ltr'>enim</span> <span class='ocrx_word' id='word_1_192' title='bbox 555 2894 672 2961; x_wconf 73' lang='lat' dir='ltr'>diutius</span> <span class='ocrx_word' id='word_1_193' title='bbox 697 2895 823 2960; x_wconf 88' lang='lat' dir='ltr'>durabit</span> <span class='ocrx_word' id='word_1_194' title='bbox 846 2893 942 2981; x_wconf 74' lang='lat' dir='ltr'>quim</span> <span class='ocrx_word' id='word_1_195' title='bbox 965 2894 1076 2972; x_wconf 87' lang='lat' dir='ltr'>minor,</span> <span class='ocrx_word' id='word_1_196' title='bbox 1102 2901 1195 2956; x_wconf 86' lang='lat' dir='ltr'>ambo</span> <span class='ocrx_word' id='word_1_197' title='bbox 1221 2887 1297 2954; x_wconf 86' lang='lat' dir='ltr'>verd</span> <span class='ocrx_word' id='word_1_198' title='bbox 1326 2885 1429 2952; x_wconf 84' lang='lat' dir='ltr'>simul&#39;</span> 
     </span>
     <span class='ocr_line' id='line_1_23' title="bbox 140 2997 1423 3089; baseline -0.005 -21"><span class='ocrx_word' id='word_1_199' title='bbox 140 3006 259 3089; x_wconf 85' lang='lat' dir='ltr'>ubique</span> <span class='ocrx_word' id='word_1_200' title='bbox 272 3005 469 3069; x_wconf 79' lang='lat' dir='ltr'>absoivantur</span> <span class='ocrx_word' id='word_1_201' title='bbox 482 3017 626 3089; x_wconf 87' lang='lat' dir='ltr'>tempore</span> <span class='ocrx_word' id='word_1_202' title='bbox 641 3011 681 3068; x_wconf 73' lang='lat' dir='ltr'>lu</span> <span class='ocrx_word' id='word_1_203' title='bbox 695 3003 855 3081; x_wconf 83' lang='lat' dir='ltr'>horarum,</span> <span class='ocrx_word' id='word_1_204' title='bbox 867 3025 939 3070; x_wconf 84' lang='lat' dir='ltr'>cum</span> <span class='ocrx_word' id='word_1_205' title='bbox 953 3005 1014 3068; x_wconf 75' lang='lat'>24&#39;.</span> <span class='ocrx_word' id='word_1_206' title='bbox 1030 3001 1165 3067; x_wconf 83' lang='lat' dir='ltr'>circiter:</span> <span class='ocrx_word' id='word_1_207' title='bbox 1182 2997 1305 3085; x_wconf 75' lang='lat' dir='ltr'>quodsi</span> <span class='ocrx_word' id='word_1_208' title='bbox 1317 2997 1423 3082; x_wconf 77' lang='lat' dir='ltr'>itaque</span> 
     </span>
     <span class='ocr_line' id='line_1_24' title="bbox 142 3105 1421 3205; baseline -0.005 -30"><span class='ocrx_word' id='word_1_209' title='bbox 142 3111 176 3174; x_wconf 92' lang='lat' dir='ltr'>in</span> <span class='ocrx_word' id='word_1_210' title='bbox 190 3133 242 3175; x_wconf 85' lang='lat' dir='ltr'>eas</span> <span class='ocrx_word' id='word_1_211' title='bbox 257 3111 399 3205; x_wconf 78' lang='lat' dir='ltr'>regiones</span> <span class='ocrx_word' id='word_1_212' title='bbox 412 3131 511 3196; x_wconf 87' lang='lat' dir='ltr'>usque</span> <span class='ocrx_word' id='word_1_213' title='bbox 524 3111 734 3194; x_wconf 81' lang='lat' dir='ltr'>perveniatur,</span> <span class='ocrx_word' id='word_1_214' title='bbox 752 3111 785 3172; x_wconf 89' lang='lat' dir='ltr'>in</span> <span class='ocrx_word' id='word_1_215' title='bbox 800 3109 911 3194; x_wconf 83' lang='lat' dir='ltr'>quibos</span> <span class='ocrx_word' id='word_1_216' title='bbox 926 3109 1019 3172; x_wconf 87' lang='lat' dir='ltr'>Luna</span> <span class='ocrx_word' id='word_1_217' title='bbox 1033 3107 1165 3191; x_wconf 79' lang='lat' dir='ltr'>utrique</span> <span class='ocrx_word' id='word_1_218' title='bbox 1179 3107 1247 3172; x_wconf 87' lang='lat' dir='ltr'>vice</span> <span class='ocrx_word' id='word_1_219' title='bbox 1261 3105 1313 3170; x_wconf 84' lang='lat' dir='ltr'>rel</span> <span class='ocrx_word' id='word_1_220' title='bbox 1326 3125 1421 3188; x_wconf 86' lang='lat' dir='ltr'>super</span> 
     </span>
    </p>
   </div>
   <div class='ocr_carea' id='block_1_9' title="bbox 140 3210 1518 3301">
    <p class='ocr_par' dir='ltr' id='par_1_10' title="bbox 140 3210 1518 3301">
     <span class='ocr_line' id='line_1_25' title="bbox 140 3210 1518 3301; baseline -0.004 -21"><span class='ocrx_word' id='word_1_221' title='bbox 140 3216 304 3282; x_wconf 79' lang='lat' dir='ltr'>horizonte</span> <span class='ocrx_word' id='word_1_222' title='bbox 326 3215 376 3280; x_wconf 82' lang='lat' dir='ltr'>vel</span> <span class='ocrx_word' id='word_1_223' title='bbox 396 3215 455 3282; x_wconf 90' lang='lat' dir='ltr'>sub</span> <span class='ocrx_word' id='word_1_224' title='bbox 473 3214 637 3281; x_wconf 81' lang='lat' dir='ltr'>horizonte</span> <span class='ocrx_word' id='word_1_225' title='bbox 656 3215 863 3280; x_wconf 88' lang='lat' dir='ltr'>meridianum</span> <span class='ocrx_word' id='word_1_226' title='bbox 888 3213 1022 3301; x_wconf 70' lang='lat' dir='ltr'>saingu,</span> <span class='ocrx_word' id='word_1_227' title='bbox 1048 3225 1141 3278; x_wconf 79' lang='lat' dir='ltr'>estus</span> <span class='ocrx_word' id='word_1_228' title='bbox 1165 3213 1270 3278; x_wconf 88' lang='lat' dir='ltr'>minor</span> <span class='ocrx_word' id='word_1_229' title='bbox 1293 3210 1421 3276; x_wconf 90' lang='lat' dir='ltr'>omniuo</span> <span class='ocrx_word' id='word_1_230' title='bbox 1514 3229 1518 3238; x_wconf 89' lang='lat'>·</span> 
     </span>
    </p>
   </div>
   <div class='ocr_carea' id='block_1_10' title="bbox 142 3315 1423 4378">
    <p class='ocr_par' dir='ltr' id='par_1_11' title="bbox 142 3315 1420 3831">
     <span class='ocr_line' id='line_1_26' title="bbox 143 3315 1420 3414; baseline -0.009 -22"><span class='ocrx_word' id='word_1_231' title='bbox 143 3337 313 3404; x_wconf 80' lang='lat' dir='ltr'>evanescet,</span> <span class='ocrx_word' id='word_1_232' title='bbox 326 3324 480 3414; x_wconf 23' lang='lat' dir='ltr'>‘solusque</span> <span class='ocrx_word' id='word_1_233' title='bbox 499 3325 600 3410; x_wconf 85' lang='lat' dir='ltr'>major</span> <span class='ocrx_word' id='word_1_234' title='bbox 621 3323 783 3410; x_wconf 85' lang='lat' dir='ltr'>supererit,</span> <span class='ocrx_word' id='word_1_235' title='bbox 806 3321 867 3409; x_wconf 78' lang='lat' dir='ltr'>qui‘</span> <span class='ocrx_word' id='word_1_236' title='bbox 880 3333 1003 3406; x_wconf 85' lang='lat' dir='ltr'>tempus</span> <span class='ocrx_word' id='word_1_237' title='bbox 1026 3327 1065 3384; x_wconf 70' lang='lat' dir='ltr'>lt</span> <span class='ocrx_word' id='word_1_238' title='bbox 1087 3319 1119 3386; x_wconf 90' lang='lat' dir='ltr'>b.</span> <span class='ocrx_word' id='word_1_239' title='bbox 1141 3321 1203 3384; x_wconf 61' lang='grc' dir='ltr'>Ν.</span> <span class='ocrx_word' id='word_1_240' title='bbox 1226 3315 1420 3401; x_wconf 86' lang='lat' dir='ltr'>adimplebit.</span> 
     </span>
     <span class='ocr_line' id='line_1_27' title="bbox 144 3425 1419 3521; baseline -0.009 -22"><span class='ocrx_word' id='word_1_241' title='bbox 144 3434 197 3500; x_wconf 87' lang='lat' dir='ltr'>Ex</span> <span class='ocrx_word' id='word_1_242' title='bbox 211 3433 323 3521; x_wconf 88' lang='lat' dir='ltr'>quibus</span> <span class='ocrx_word' id='word_1_243' title='bbox 337 3434 537 3517; x_wconf 90' lang='lat' dir='ltr'>perspicuum</span> <span class='ocrx_word' id='word_1_244' title='bbox 551 3443 607 3509; x_wconf 83' lang='lat' dir='ltr'>est,</span> <span class='ocrx_word' id='word_1_245' title='bbox 622 3431 650 3496; x_wconf 89' lang='lat' dir='ltr'>si</span> <span class='ocrx_word' id='word_1_246' title='bbox 672 3427 765 3496; x_wconf 80' lang='lat' dir='ltr'>L&#39;una</span> <span class='ocrx_word' id='word_1_247' title='bbox 780 3429 893 3496; x_wconf 86' lang='lat' dir='ltr'>babeat</span> <span class='ocrx_word' id='word_1_248' title='bbox 906 3428 1154 3505; x_wconf 82' lang='lat' dir='ltr'>declinationem,</span> <span class='ocrx_word' id='word_1_249' title='bbox 1175 3425 1419 3510; x_wconf 70' lang='lat' dir='ltr'>inequalitatem</span> 
     </span>
     <span class='ocr_line' id='line_1_28' title="bbox 143 3531 1420 3621; baseline -0.009 -16"><span class='ocrx_word' id='word_1_250' title='bbox 143 3540 290 3605; x_wconf 80' lang='lat' dir='ltr'>biuonun</span> <span class='ocrx_word' id='word_1_251' title='bbox 302 3550 435 3602; x_wconf 71' lang='lat' dir='ltr'>actuum</span> <span class='ocrx_word' id='word_1_252' title='bbox 456 3537 702 3602; x_wconf 77' lang='lat' dir='ltr'>suooessivorum</span> <span class='ocrx_word' id='word_1_253' title='bbox 723 3537 764 3602; x_wconf 87' lang='lat' dir='ltr'>ed</span> <span class='ocrx_word' id='word_1_254' title='bbox 785 3535 875 3621; x_wconf 91' lang='lat' dir='ltr'>polos</span> <span class='ocrx_word' id='word_1_255' title='bbox 889 3533 1067 3621; x_wconf 85' lang='lat' dir='ltr'>acoedendo</span> <span class='ocrx_word' id='word_1_256' title='bbox 1080 3532 1228 3600; x_wconf 85' lang='lat' dir='ltr'>ooutiuud</span> <span class='ocrx_word' id='word_1_257' title='bbox 1241 3531 1310 3598; x_wconf 77' lang='lat' dir='ltr'>fieri</span> <span class='ocrx_word' id='word_1_258' title='bbox 1324 3533 1420 3616; x_wconf 75' lang='lat' dir='ltr'>majo-</span> 
     </span>
     <span class='ocr_line' id='line_1_29' title="bbox 142 3638 1420 3732; baseline -0.005 -20"><span class='ocrx_word' id='word_1_259' title='bbox 142 3669 221 3726; x_wconf 88' lang='lat' dir='ltr'>rem,</span> <span class='ocrx_word' id='word_1_260' title='bbox 251 3659 343 3732; x_wconf 87' lang='lat' dir='ltr'>atque</span> <span class='ocrx_word' id='word_1_261' title='bbox 371 3645 497 3710; x_wconf 84' lang='lat' dir='ltr'>tandem</span> <span class='ocrx_word' id='word_1_262' title='bbox 525 3645 679 3710; x_wconf 86' lang='lat' dir='ltr'>minorem</span> <span class='ocrx_word' id='word_1_263' title='bbox 707 3646 836 3710; x_wconf 86' lang='lat' dir='ltr'>omnino</span> <span class='ocrx_word' id='word_1_264' title='bbox 863 3663 1046 3710; x_wconf 81' lang='lat' dir='ltr'>evanescere</span> <span class='ocrx_word' id='word_1_265' title='bbox 1073 3642 1198 3720; x_wconf 82' lang='lat' dir='ltr'>debere,</span> <span class='ocrx_word' id='word_1_266' title='bbox 1229 3640 1317 3728; x_wconf 90' lang='lat' dir='ltr'>quod</span> <span class='ocrx_word' id='word_1_267' title='bbox 1347 3638 1420 3706; x_wconf 82' lang='lat' dir='ltr'>edm</span> 
     </span>
     <span class='ocr_line' id='line_1_30' title="bbox 144 3750 809 3831; baseline -0.006 -13"><span class='ocrx_word' id='word_1_268' title='bbox 144 3753 255 3831; x_wconf 85' lang='lat' dir='ltr'>evenit,</span> <span class='ocrx_word' id='word_1_269' title='bbox 272 3751 337 3817; x_wconf 88' lang='lat' dir='ltr'>bini</span> <span class='ocrx_word' id='word_1_270' title='bbox 351 3763 447 3816; x_wconf 81' lang='lat' dir='ltr'>aestus</span> <span class='ocrx_word' id='word_1_271' title='bbox 460 3750 495 3814; x_wconf 91' lang='lat' dir='ltr'>in</span> <span class='ocrx_word' id='word_1_272' title='bbox 510 3771 609 3816; x_wconf 87' lang='lat' dir='ltr'>uuum</span> <span class='ocrx_word' id='word_1_273' title='bbox 622 3751 809 3816; x_wconf 84' lang='lat' dir='ltr'>coalescunt.</span> 
     </span>
    </p>

    <p class='ocr_par' dir='ltr' id='par_1_12' title="bbox 147 3851 1423 4378">
     <span class='ocr_line' id='line_1_31' title="bbox 187 3851 1422 3944; baseline -0.007 -18"><span class='ocrx_word' id='word_1_274' title='bbox 187 3867 212 3940; x_wconf 85' lang='lat'>§.</span> <span class='ocrx_word' id='word_1_275' title='bbox 236 3869 307 3926; x_wconf 87' lang='lat'>109.</span> <span class='ocrx_word' id='word_1_276' title='bbox 340 3858 512 3944; x_wconf 74' lang='lat' dir='ltr'>Explicatis</span> <span class='ocrx_word' id='word_1_277' title='bbox 538 3859 701 3924; x_wconf 83' lang='lat' dir='ltr'>anomaliis</span> <span class='ocrx_word' id='word_1_278' title='bbox 723 3857 817 3924; x_wconf 64' lang='lat' dir='ltr'>mstis</span> <span class='ocrx_word' id='word_1_279' title='bbox 841 3858 935 3924; x_wconf 85' lang='lat' dir='ltr'>masis</span> <span class='ocrx_word' id='word_1_280' title='bbox 959 3856 1136 3931; x_wconf 84' lang='lat' dir='ltr'>menstruis,</span> <span class='ocrx_word' id='word_1_281' title='bbox 1159 3853 1355 3942; x_wconf 70' lang='lat' dir='ltr'>pervenimus</span> <span class='ocrx_word' id='word_1_282' title='bbox 1379 3851 1422 3918; x_wconf 90' lang='lat' dir='ltr'>ad</span> 
     </span>
     <span class='ocr_line' id='line_1_32' title="bbox 147 3963 1421 4052; baseline -0.002 -22"><span class='ocrx_word' id='word_1_283' title='bbox 147 3965 313 4030; x_wconf 67' lang='lat' dir='ltr'>nomem</span> <span class='ocrx_word' id='word_1_284' title='bbox 328 3985 447 4035; x_wconf 78' lang='lat' dir='ltr'>mnuas</span> <span class='ocrx_word' id='word_1_285' title='bbox 469 3965 519 4031; x_wconf 87' lang='lat' dir='ltr'>vel</span> <span class='ocrx_word' id='word_1_286' title='bbox 540 3966 706 4052; x_wconf 75' lang='lat' dir='ltr'>plmquam</span> <span class='ocrx_word' id='word_1_287' title='bbox 720 3985 848 4043; x_wconf 80' lang='lat' dir='ltr'>muuas,</span> <span class='ocrx_word' id='word_1_288' title='bbox 863 3985 901 4030; x_wconf 86' lang='lat' dir='ltr'>ac</span> <span class='ocrx_word' id='word_1_289' title='bbox 912 3985 1031 4030; x_wconf 84' lang='lat' dir='ltr'>nonum</span> <span class='ocrx_word' id='word_1_290' title='bbox 1045 3963 1171 4050; x_wconf 86' lang='lat' dir='ltr'>quidem</span> <span class='ocrx_word' id='word_1_291' title='bbox 1192 3963 1421 4048; x_wconf 85' lang='lat' dir='ltr'>phssnomeuou</span> 
     </span>
     <span class='ocr_line' id='line_1_33' title="bbox 147 4071 1421 4160; baseline 0 -22"><span class='ocrx_word' id='word_1_292' title='bbox 147 4072 399 4140; x_wconf 81' lang='lat' dir='ltr'>desumimus-ex</span> <span class='ocrx_word' id='word_1_293' title='bbox 419 4074 590 4140; x_wconf 69' lang='lat' dir='ltr'>emmone</span> <span class='ocrx_word' id='word_1_294' title='bbox 611 4073 714 4153; x_wconf 61' lang='lat' dir='ltr'>uestis</span> <span class='ocrx_word' id='word_1_295' title='bbox 737 4073 981 4160; x_wconf 71' lang='lat' dir='ltr'>quaeadbersis</span> <span class='ocrx_word' id='word_1_296' title='bbox 1003 4074 1107 4140; x_wconf 80' lang='lat' dir='ltr'>Lunae</span> <span class='ocrx_word' id='word_1_297' title='bbox 1120 4095 1140 4138; x_wconf 93' lang='lat' dir='ltr'>a</span> <span class='ocrx_word' id='word_1_298' title='bbox 1155 4072 1255 4138; x_wconf 84' lang='lat' dir='ltr'>Terri</span> <span class='ocrx_word' id='word_1_299' title='bbox 1270 4071 1421 4140; x_wconf 77' lang='lat' dir='ltr'>distantiis</span> 
     </span>
     <span class='ocr_line' id='line_1_34' title="bbox 147 4165 1423 4268; baseline -0.002 -22"><span class='ocrx_word' id='word_1_300' title='bbox 147 4179 365 4266; x_wconf 67' lang='lat' dir='ltr'>proficiscitur,</span> <span class='ocrx_word' id='word_1_301' title='bbox 406 4182 625 4250; x_wconf 80' lang='lat' dir='ltr'>Observantur</span> <span class='ocrx_word' id='word_1_302' title='bbox 640 4183 723 4250; x_wconf 89' lang='lat' dir='ltr'>euim</span> <span class='ocrx_word' id='word_1_303' title='bbox 736 4193 830 4248; x_wconf 81' lang='lat' dir='ltr'>aestus</span> <span class='ocrx_word' id='word_1_304' title='bbox 843 4180 959 4268; x_wconf 87' lang='lat' dir='ltr'>ubique</span> <span class='ocrx_word' id='word_1_305' title='bbox 971 4183 1102 4266; x_wconf 86' lang='lat' dir='ltr'>majores</span> <span class='ocrx_word' id='word_1_306' title='bbox 1116 4165 1376 4264; x_wconf 75' lang='lat' dir='ltr'>ceteris&#39;pnibus,</span> <span class='ocrx_word' id='word_1_307' title='bbox 1388 4178 1423 4245; x_wconf 86' lang='lat' dir='ltr'>iu</span> 
     </span>
     <span class='ocr_line' id='line_1_35' title="bbox 147 4286 1423 4378; baseline -0.004 -22"><span class='ocrx_word' id='word_1_308' title='bbox 147 4290 260 4356; x_wconf 88' lang='lat' dir='ltr'>iisdem</span> <span class='ocrx_word' id='word_1_309' title='bbox 280 4289 398 4356; x_wconf 80' lang='lat' dir='ltr'>scilieet</span> <span class='ocrx_word' id='word_1_310' title='bbox 416 4292 617 4358; x_wconf 80' lang='lat' dir='ltr'>luminarium</span> <span class='ocrx_word' id='word_1_311' title='bbox 631 4291 805 4378; x_wconf 83' lang='lat' dir='ltr'>aspectibus</span> <span class='ocrx_word' id='word_1_312' title='bbox 818 4289 989 4375; x_wconf 81' lang='lat' dir='ltr'>iisdemque</span> <span class='ocrx_word' id='word_1_313' title='bbox 1002 4288 1266 4366; x_wconf 86' lang='lat' dir='ltr'>declinationibus,</span> <span class='ocrx_word' id='word_1_314' title='bbox 1282 4289 1309 4353; x_wconf 87' lang='lat' dir='ltr'>si</span> <span class='ocrx_word' id='word_1_315' title='bbox 1330 4286 1423 4378; x_wconf 76' lang='lat' dir='ltr'>Luna</span> 
     </span>
    </p>
   </div>
   <div class='ocr_carea' id='block_1_11' title="bbox 148 4397 1561 4485">
    <p class='ocr_par' dir='ltr' id='par_1_13' title="bbox 148 4397 1561 4485">
     <span class='ocr_line' id='line_1_36' title="bbox 148 4397 1561 4485; baseline -0.004 -21"><span class='ocrx_word' id='word_1_316' title='bbox 148 4399 182 4464; x_wconf 87' lang='lat' dir='ltr'>in</span> <span class='ocrx_word' id='word_1_317' title='bbox 211 4419 270 4462; x_wconf 90' lang='lat' dir='ltr'>suo</span> <span class='ocrx_word' id='word_1_318' title='bbox 296 4397 435 4485; x_wconf 79' lang='lat' dir='ltr'>perigaeo</span> <span class='ocrx_word' id='word_1_319' title='bbox 462 4412 611 4479; x_wconf 78' lang='lat' dir='ltr'>versetur,</span> <span class='ocrx_word' id='word_1_320' title='bbox 641 4399 778 4464; x_wconf 85' lang='lat' dir='ltr'>minores</span> <span class='ocrx_word' id='word_1_321' title='bbox 806 4397 892 4476; x_wconf 79' lang='lat' dir='ltr'>verb,</span> <span class='ocrx_word' id='word_1_322' title='bbox 922 4397 1013 4462; x_wconf 76' lang='lat' dir='ltr'>Luni</span> <span class='ocrx_word' id='word_1_323' title='bbox 1042 4397 1076 4460; x_wconf 90' lang='lat' dir='ltr'>in</span> <span class='ocrx_word' id='word_1_324' title='bbox 1104 4419 1236 4484; x_wconf 83' lang='lat' dir='ltr'>spogteo</span> <span class='ocrx_word' id='word_1_325' title='bbox 1263 4397 1422 4461; x_wconf 68' lang='lat' dir='ltr'>existeum.</span> <span class='ocrx_word' id='word_1_326' title='bbox 1559 4471 1561 4476; x_wconf 68' lang='lat'>,</span> 
     </span>
    </p>
   </div>
   <div class='ocr_carea' id='block_1_12' title="bbox 150 4501 1438 4912">
    <p class='ocr_par' dir='ltr' id='par_1_14' title="bbox 150 4501 1438 4912">
     <span class='ocr_line' id='line_1_37' title="bbox 151 4501 1438 4592; baseline 0 -24"><span class='ocrx_word' id='word_1_327' title='bbox 151 4503 289 4592; x_wconf 73' lang='lat' dir='ltr'>Egregie</span> <span class='ocrx_word' id='word_1_328' title='bbox 304 4515 409 4570; x_wconf 86' lang='lat' dir='ltr'>eutem</span> <span class='ocrx_word' id='word_1_329' title='bbox 428 4501 498 4570; x_wconf 77' lang='lat' dir='ltr'>bec</span> <span class='ocrx_word' id='word_1_330' title='bbox 512 4507 701 4574; x_wconf 84' lang='lat' dir='ltr'>conveniunt</span> <span class='ocrx_word' id='word_1_331' title='bbox 714 4525 786 4572; x_wconf 88' lang='lat' dir='ltr'>cum</span> <span class='ocrx_word' id='word_1_332' title='bbox 799 4502 905 4572; x_wconf 79' lang='lat' dir='ltr'>nostri</span> <span class='ocrx_word' id='word_1_333' title='bbox 919 4502 1048 4582; x_wconf 71' lang='lat' dir='ltr'>theoni,</span> <span class='ocrx_word' id='word_1_334' title='bbox 1071 4503 1132 4590; x_wconf 81' lang='lat' dir='ltr'>qui</span> <span class='ocrx_word' id='word_1_335' title='bbox 1147 4503 1438 4578; x_wconf 71' lang='lat' dir='ltr'>demonstravimus,</span> 
     </span>
     <span class='ocr_line' id='line_1_38' title="bbox 150 4609 1425 4696; baseline 0 -18"><span class='ocrx_word' id='word_1_336' title='bbox 150 4611 256 4678; x_wconf 82' lang='lat' dir='ltr'>Lunae</span> <span class='ocrx_word' id='word_1_337' title='bbox 278 4611 361 4676; x_wconf 82' lang='lat' dir='ltr'>vires</span> <span class='ocrx_word' id='word_1_338' title='bbox 381 4609 423 4678; x_wconf 90' lang='lat' dir='ltr'>ad</span> <span class='ocrx_word' id='word_1_339' title='bbox 444 4633 530 4678; x_wconf 86' lang='lat' dir='ltr'>mare</span> <span class='ocrx_word' id='word_1_340' title='bbox 551 4613 740 4680; x_wconf 86' lang='lat' dir='ltr'>movendum</span> <span class='ocrx_word' id='word_1_341' title='bbox 760 4611 939 4680; x_wconf 85' lang='lat' dir='ltr'>decrescere</span> <span class='ocrx_word' id='word_1_342' title='bbox 957 4611 989 4676; x_wconf 90' lang='lat' dir='ltr'>in</span> <span class='ocrx_word' id='word_1_343' title='bbox 1010 4609 1163 4696; x_wconf 81' lang='lat' dir='ltr'>triplicati</span> <span class='ocrx_word' id='word_1_344' title='bbox 1177 4611 1296 4677; x_wconf 85' lang='lat' dir='ltr'>ratione</span> <span class='ocrx_word' id='word_1_345' title='bbox 1310 4611 1425 4678; x_wconf 74' lang='lat' dir='ltr'>distm-</span> 
     </span>
     <span class='ocr_line' id='line_1_39' title="bbox 150 4717 1424 4808; baseline -0.002 -24"><span class='ocrx_word' id='word_1_346' title='bbox 150 4719 266 4784; x_wconf 85' lang='lat' dir='ltr'>tiurum</span> <span class='ocrx_word' id='word_1_347' title='bbox 289 4717 392 4784; x_wconf 78' lang='lat' dir='ltr'>Lunae</span> <span class='ocrx_word' id='word_1_348' title='bbox 412 4741 431 4782; x_wconf 87' lang='lat' dir='ltr'>a</span> <span class='ocrx_word' id='word_1_349' title='bbox 453 4717 572 4784; x_wconf 78' lang='lat' dir='ltr'>Terris</span> <span class='ocrx_word' id='word_1_350' title='bbox 594 4719 719 4808; x_wconf 78' lang='lat' dir='ltr'>quodsi</span> <span class='ocrx_word' id='word_1_351' title='bbox 739 4719 835 4806; x_wconf 80' lang='lat' dir='ltr'>igitur</span> <span class='ocrx_word' id='word_1_352' title='bbox 850 4719 943 4782; x_wconf 87' lang='lat' dir='ltr'>Luna</span> <span class='ocrx_word' id='word_1_353' title='bbox 956 4727 1094 4782; x_wconf 86' lang='lat' dir='ltr'>versetur</span> <span class='ocrx_word' id='word_1_354' title='bbox 1107 4717 1140 4782; x_wconf 92' lang='lat' dir='ltr'>in</span> <span class='ocrx_word' id='word_1_355' title='bbox 1154 4717 1300 4806; x_wconf 83' lang='lat' dir='ltr'>perigaeo,</span> <span class='ocrx_word' id='word_1_356' title='bbox 1321 4719 1424 4784; x_wconf 81' lang='lat' dir='ltr'>fluxus</span> 
     </span>
     <span class='ocr_line' id='line_1_40' title="bbox 152 4821 1425 4912; baseline -0.001 -22"><span class='ocrx_word' id='word_1_357' title='bbox 152 4826 312 4892; x_wconf 89' lang='lat' dir='ltr'>debebunt</span> <span class='ocrx_word' id='word_1_358' title='bbox 325 4847 393 4892; x_wconf 87' lang='lat' dir='ltr'>esse</span> <span class='ocrx_word' id='word_1_359' title='bbox 406 4826 549 4912; x_wconf 72' lang='lat' dir='ltr'>majores,</span> <span class='ocrx_word' id='word_1_360' title='bbox 565 4825 659 4912; x_wconf 81' lang='lat' dir='ltr'>quim</span> <span class='ocrx_word' id='word_1_361' title='bbox 670 4827 698 4892; x_wconf 85' lang='lat' dir='ltr'>si</span> <span class='ocrx_word' id='word_1_362' title='bbox 713 4825 806 4892; x_wconf 86' lang='lat' dir='ltr'>Luna</span> <span class='ocrx_word' id='word_1_363' title='bbox 819 4843 983 4910; x_wconf 74' lang='lat' dir='ltr'>apogeum</span> <span class='ocrx_word' id='word_1_364' title='bbox 993 4835 1132 4908; x_wconf 79' lang='lat' dir='ltr'>occupat</span> <span class='ocrx_word' id='word_1_365' title='bbox 1168 4823 1324 4890; x_wconf 72' lang='lat' dir='ltr'>Preterea</span> <span class='ocrx_word' id='word_1_366' title='bbox 1332 4821 1425 4889; x_wconf 81' lang='lat' dir='ltr'>etism</span> 
     </span>
    </p>
   </div>
   <div class='ocr_carea' id='block_1_13' title="bbox 0 0 1762 5870">
    <p class='ocr_par' dir='ltr' id='par_1_15' title="bbox 0 0 1762 5870">
     <span class='ocr_line' id='line_1_41' title="bbox 0 0 1762 5870; baseline 0 0"><span class='ocrx_word' id='word_1_367' title='bbox 0 0 1762 5870; x_wconf 95' lang='lat' dir='ltr'> </span> 
     </span>
    </p>
   </div>
  </div>
 </body>
</html>
