3520 5884
574 1151 993 1240 ‚MONITUM.

155 1421 432 1522 Pnrncrrronun
463 1455 802 1524 Marnanarrcorou
828 1457 943 1524 Libros
970 1471 1033 1524 tres
1058 1460 1188 1527 totidem
1215 1461 1435 1528 Volumimbus

156 1569 321 1655 complecti
334 1569 571 1647 meditabamur,
594 1569 689 1656 idque
706 1573 773 1656 jam
786 1571 820 1634 in
834 1570 930 1637 alteri
945 1571 1048 1658 operis
1061 1570 1161 1635 nostri
1173 1579 1264 1656 parte
1277 1567 1434 1632 inieramus

155 1661 295 1761 polliciti.
341 1675 408 1741 Cur
422 1676 548 1740 tertium
563 1673 709 1739 Newtoni
724 1675 856 1740 Librum
869 1677 903 1740 in
917 1675 995 1741 duas
1009 1676 1182 1741 dividamus
1195 1685 1300 1760 partes
1314 1672 1434 1738 datam·

155 1805 216 1869 qne
237 1783 333 1847 fidem
352 1805 417 1847 non
435 1783 612 1860 liberemus,
631 1785 665 1848 in
688 1784 780 1849 musi
802 1797 875 1850 sunt
893 1785 1046 1872 praeclara
1066 1786 1107 1850 de
1130 1785 1235 1849 Fluxu
1251 1794 1283 1846 et
1299 1783 1436 1849 Refluxu

156 1889 259 1954 Maris
275 1888 383 1973 Opera
397 1910 469 1974 qure
485 1909 568 1952 anno
586 1897 679 1958 1740.
694 1912 715 1954 a
727 1889 926 1954 celeberrimd
943 1891 1110 1956 Parisiensi
1119 1889 1289 1957 Academici
1303 1891 1435 1977 praemio

153 1993 240 2060 suem
254 1995 470 2060 condecorata
508 1995 573 2060 Tot
586 2006 619 2058 et
629 2005 693 2060 tam
708 1995 823 2060 eximia
836 1996 870 2060 in
882 1996 970 2060 hisce
983 1997 1129 2081 operibus
1144 1996 1351 2074 continentur,
1364 2017 1436 2083 quoe

154 2123 220 2167 non
232 2099 277 2166 ad
289 2101 412 2165 fluxum
425 2101 640 2187 refluxumque
650 2101 745 2164 maris
755 2101 917 2178 duntaxat,
930 2101 986 2164 sed
996 2101 1090 2166 etiam
1100 2101 1142 2165 ad
1151 2101 1311 2188 generales
1322 2113 1437 2166 attrac-

152 2213 248 2277 tionis
275 2211 361 2299 leges
383 2212 621 2298 universamque
649 2210 870 2275 astronomiam
894 2209 1081 2288 referuntur,
1108 2223 1146 2274 ut
1168 2210 1284 2276 clariss.
1307 2211 1366 2276 Vir
1390 2211 1435 2277 D.

151 2321 183 2386 J.
196 2321 236 2386 L.
254 2322 461 2408 Galandrinus
475 2323 562 2406 cujus
577 2321 706 2386 consilia
725 2319 863 2405 impensd
878 2321 1073 2397 vederamur,
1093 2339 1152 2383 nos
1166 2317 1283 2404 optime
1299 2318 1436 2384 facturos

148 2427 343 2513 judicaverit,
355 2428 540 2514 siproedicta
551 2427 713 2513 Opuscula
727 2428 764 2490 iis
778 2427 1017 2515 adjungeremus
1029 2427 1298 2513 Propositionibus
1308 2449 1385 2514 quas
1396 2427 1437 2493 de

151 2535 240 2599 fluxu
256 2547 288 2600 et
301 2536 423 2600 refluxu
438 2537 533 2600 maris
547 2535 643 2602 habet
657 2537 847 2613 Newtonus3
869 2535 1095 2622 quodquidam
1109 2535 1273 2600 commode
1287 2535 1357 2600 fieri
1370 2557 1437 2600 non

152 2655 285 2729 poterat,
307 2645 368 2709 nisi
388 2645 515 2709 tertium
530 2645 663 2710 Librum
677 2644 710 2707 in
725 2644 803 2708 duas
816 2655 921 2729 partes
935 2643 1152 2710 divideremus.
1199 2643 1352 2720 Quamvis
1366 2665 1437 2708 eam

152 2749 297 2838 religiose
312 2773 470 2814 servemus
484 2750 596 2838 legem,
612 2751 680 2814 sine
694 2749 756 2836 qud
772 2750 922 2815 honestus
936 2750 1068 2835 scriptor
1081 2771 1175 2814 namo
1190 2771 1259 2814 esse
1271 2759 1385 2835 potest,
1401 2759 1438 2814 ut

154 2857 270 2922 scilicet
282 2857 361 2922 nihil
375 2857 496 2945 insigne
513 2879 553 2921 ex
567 2857 671 2944 aliquo
686 2869 793 2922 autore
806 2859 838 2920 in
853 2879 945 2922 usum
959 2869 1102 2922 nostrum
1116 2869 1343 2937 convertamus,
1360 2859 1437 2944 quin

153 2965 183 3028 ei
204 2964 290 3050 quod
311 2987 402 3028 suum
424 2975 480 3042 est,
503 2961 580 3028 ddm
600 2963 688 3028 locus
710 2964 854 3042 occurrit,
870 2963 1035 3041 tribuatur,
1052 2963 1217 3049 specialem
1231 2960 1437 3028 nihilomintls

152 3073 235 3160 grati
256 3073 351 3136 animi
372 3073 630 3160 significationem
651 3069 792 3157 profiteri
812 3070 956 3136 volumus
976 3071 1153 3136 clarissimis
1176 3070 1325 3157 omnique
1344 3069 1437 3134 laude

153 3177 261 3241 nostri
282 3177 450 3262 majoribus
473 3177 547 3240 viris
569 3177 648 3242 DD.
666 3177 798 3252 Cossini,
814 3175 854 3241 de
869 3176 1007 3254 Mairan,
1023 3175 1063 3241 de
1078 3174 1286 3263 Maupertuis,
1303 3197 1437 3260 quorum

153 3283 319 3368 praeclaris¹
331 3283 464 3348 inventis
477 3281 649 3368 plurimdm
663 3281 778 3348 debent
786 3281 856 3346 haeo
870 3293 977 3346 nostra
992 3282 1234 3345 Commentaria.
1277 3281 1340 3345 Sed
1351 3293 1437 3346 tanta

154 3389 275 3452 suntin
290 3389 470 3452 universum
489 3386 589 3452 hocce
608 3399 748 3452 nostrum
765 3385 855 3471 Opus
876 3386 1062 3471 prrelaudati
1078 3386 1196 3450 clariss.
1211 3385 1255 3451 D.
1270 3386 1301 3450 J.
1318 3384 1357 3450 L.
1374 3387 1437 3450 Ca-

153 3496 288 3560 landrini
309 3496 470 3573 beneficia,
493 3507 529 3560 ut
548 3495 623 3560 huic
644 3494 822 3560 doctissimo
844 3495 911 3558 viro
930 3516 1022 3580 pares
1043 3495 1162 3558 meritis
1182 3495 1298 3582 gratias
1320 3493 1436 3560 referre

152 3627 217 3668 non
232 3607 397 3690 possimus.

195 3712 268 3776 Jam
282 3711 341 3775 sub
365 3711 466 3796 proelo
481 3723 528 3775 est
542 3711 640 3775 altera
653 3721 685 3774 et
698 3708 809 3772 ultima
824 3709 1127 3773 Commentariorum
1141 3719 1322 3773 nostrorum
1338 3710 1434 3787 Pars3

154 3817 229 3902 quia
249 3815 324 3879 verb
345 3817 449 3880 nullus
464 3831 511 3880 est
525 3829 590 3880 tam
604 3813 769 3879 mediocris
784 3813 911 3901 ingenii,
935 3836 1027 3900 quem
1041 3837 1116 3880 usus
1131 3826 1163 3878 et
1176 3814 1356 3878 exercitatio
1369 3837 1434 3879 non

153 3925 313 4004 edoceant,
336 3925 410 3991 hinc
431 3925 548 3990 sacntm
563 3937 610 3989 est
624 3936 659 3988 ut
673 3923 777 4008 aliqua
791 3923 882 3986 nobis
903 3926 937 3986 in
957 3935 1093 3988 mentem
1107 3924 1249 3988 venerint
1263 3945 1333 4008 quae
1346 3923 1434 3988 brevi

154 4033 284 4096 collecta
308 4033 480 4118 appendice
502 4032 593 4098 simul
616 4052 688 4095 cnm
709 4027 827 4116 reliqui
848 4030 932 4094 tertii
954 4030 1044 4096 Libri
1065 4041 1153 4116 parte
1170 4030 1248 4115 justi
1269 4030 1433 4094 voluminis

155 4139 270 4203 molem
284 4151 482 4226 component.

985 4389 1080 4440 Datum
1091 4391 1173 4440 am

835 4475 863 4522 ia
874 4473 946 4523 Μ’.
960 4477 1012 4524 88¹·
1030 4475 1150 4526 wat·
1160 4489 1222 4524 onae
1235 4475 1303 4522 1⁷⁴2·

713 4579 753 4629 M
