3564 5864
370 501 432 560 226
466 497 470 502 '
668 493 733 560 DE
755 491 908 561 CAUSA
935 491 1139 562 PHYSICA
1163 491 1353 564 FLUXUS

326 765 328 772 Ι
368 689 430 755 tur,
453 683 520 742 es'se
541 675 750 762 sphaeroidem
771 677 907 743 oblatam
929 679 1028 764 qualis
1049 679 1189 767 gignitur
1213 692 1300 745 motu
1322 609 1577 764 semi-ellipsis'B
1592 685 1649 750 ab

369 787 452 852 circa
471 809 574 852 -axem
603 787 756 852 minorem
786 788 825 872 (si
853 785 982 852 materia
1008 779 1119 852 Terris
1146 788 1390 875 prcaequrliter
1414 789 1509 854 densi
1533 790 1650 856 hebea-

366 893 432 975 tur)
470 885 748 958 semildiemetrum
781 895 948 980 aequatoris
984 917 1067 959 csse'
1085 896 1126 959 sd
1286 901 1288 904 ’

367 1004 550 1068 semi-axem
576 1015 610 1067 ut
631 1004 767 1090 gravitas
792 1004 850 1067 sub
874 1005 955 1089 polis
981 1005 1015 1066 in
1041 1003 1121 1067 Ter-

366 1135 434 1177 ram
457 1127 504 1178 est
525 1113 566 1180 ed
586 1133 748 1178 excessum
770 1113 928 1201 grevimtis
951 1136 1045 1198 supra
1062 1115 1126 1176 vim
1227 1167 1230 1172 .

366 1219 571 1308 centrifugnrn
592 1221 650 1285 sub
674 1234 840 1307 oequetore,
867 1243 981 1307 corpus
1003 1221 1036 1284 in
1054 1223 1125 1285 loco

367 1329 476 1416 quovis
503 1329 531 1394 P
553 1329 682 1394 tendere
695 1329 811 1394 seretis
837 1329 971 1394 Terram
1000 1329 1031 1392 vi
1053 1351 1125 1415 quae
1212 1336 1216 1343 '

365 1447 413 1500 est
441 1458 564 1520 semper
592 1447 626 1500 ut
651 1419 736 1500 recte
761 1436 789 1501 P
810 1436 839 1501 L
861 1435 1125 1520 perpendicularis

367 1543 468 1630 ellipsi
491 1543 677 1631 generatrici
688 1556 732 1608 vet
746 1543 806 1608 exi
827 1543 938 1628 majori
952 1565 1125 1608 occurrens

364 1656 396 1718 in
430 1654 470 1731 L,
505 1667 537 1718 et
564 1676 743 1718 mensuram
773 1652 908 1741 denique
938 1653 1053 1742 gradile
1090 1656 1124 1718 in

364 1759 537 1824 meridiano
562 1783 630 1824 esse
659 1781 780 1845 semper
809 1771 845 1824 ut
874 1759 971 1824 cubus
998 1759 1136 1845 ejusdem
1162 1772 1256 1825 rectoe
1283 1759 1374 1825 PL.
1424 1751 1519 1824 ‘Haec
1542 1761 1648 1824 omnia
1771 1813 1772 1844 ³

368 1867 510 1934 accurati
539 1867 793 1934 demonstrantur
822 1889 863 1932 ex
894 1867 955 1933 hac
987 1867 1226 1954 Propositione3
1261 1891 1332 1956 quse
1356 1870 1496 1955 quamvis
1525 1870 1558 1933 iu
1583 1870 1649 1933 dis-

365 1979 530 2066 quisitione
550 1979 591 2044 de
611 1978 714 2068 figuti
734 1978 846 2044 Terrae
867 1977 972 2042 eximii
990 1977 1064 2044 ustis
1089 1979 1160 2059 sint,
1186 1979 1238 2044 hic
1257 1979 1358 2042 obiter
1375 1990 1496 2042 tantum
1517 1999 1648 2043 monere

364 2088 517 2154 convenit

886 2303 1060 2370 LEMMA
1083 2305 1122 2370 V.

407 2493 457 2560 Sit
467 2494 573 2592 'figura
588 2495 704 2585 quaevis
720 2497 752 2561 A
768 2496 843 2561 Bu:
867 2497 1060 2562 describatur
1074 2495 1207 2561 circulus
1224 2497 1252 2561 C
1268 2497 1301 2562 N
1317 2495 1354 2562 H
1369 2507 1477 2560 centro
1491 2491 1532 2573 A,
1556 2493 1647 2558 radio

362 2605 472 2688 quovis
494 2605 569 2670 dato
591 2607 622 2671 A
639 2607 686 2685 03
709 2629 749 2671 ex
772 2607 804 2672 A
824 2607 975 2673 educatru
995 2619 1079 2672 recta
1100 2607 1216 2694 quaevis
1238 2608 1321 2674 AM
1346 2629 1512 2673 occurrens
1533 2605 1647 2694 figures

362 2715 895 2794 ABuinM‚etcirculoinN;
1128 2727 1129 2732 ’

361 2819 423 2882 sint
444 2817 483 2883 M
499 2819 532 2894 Q
550 2831 582 2884 et
598 2821 630 2884 N
646 2823 676 2884 lt
690 2821 896 2906 perpendicu·
937 2841 966 2908 h

361 2929 442 2994 lares
465 2931 498 2993 in
518 2951 611 2994 exem
633 2931 741 2996 dutum
764 2933 832 3010 Aa,
855 2933 897 2996 sit

363 3039 394 3104 K
406 3041 437 3104 R
458 3061 582 3125 semper
599 3041 727 3128 {equalis
749 3041 893 3106 abscissae

360 3145 392 3210 A
415 3147 457 3224 Q,
485 3159 516 3210 et
536 3147 583 3210 vis
605 3147 667 3234 quA
687 3147 840 3234 particula
862 3149 894 3213 A

360 3268 490 3341 urgetur
515 3255 624 3320 versris
648 3257 781 3320 solidum
806 3269 894 3323 motu

360 3363 472 3448 figurae
494 3364 526 3428 A
542 3363 570 3429 B
586 3387 606 3429 a
626 3366 710 3429 circu
723 3387 814 3430 axem
829 3365 860 3429 A
875 3389 894 3428 a

358 3473 509 3558 genitum,
548 3476 608 3540 erit
635 3487 670 3541 ut
700 3499 772 3540 ares
800 3499 893 3561 quam
946 3462 952 3475 ⁵
979 3504 981 3511 κ
1081 3491 1089 3509 '
1225 3476 1231 3515 ²

357 3592 487 3665 generat
509 3581 652 3648 ordinate
675 3583 707 3647 K
724 3586 755 3649 R
777 3583 894 3649 directe
1014 3630 1015 3635 κ

357 3700 389 3752 et
403 3687 509 3753 rudius
525 3690 557 3755 A
573 3683 746 3754 Cinverse.
1040 3698 1046 3717 *

317 3839 320 3846 ,
403 3799 557 3864 Occurrat
586 3801 648 3864 ulis
676 3812 761 3864 recta
791 3822 831 3864 ex
861 3800 892 3865 A

357 3907 470 3973 educte
486 3907 598 3996 figurae
619 3910 653 3972 in
673 3931 706 3972 m
727 3921 759 3974 et
777 3907 893 3973 circulo

356 4018 387 4081 in
404 4041 436 4097 n,
461 4019 585 4105 sintque
605 4041 639 4084 m
653 4043 674 4106 q
695 4031 727 4084 et
746 4041 801 4084 nr
818 4041 893 4084 nor·

355 4129 678 4196 malesinuxemAa,
708 4131 892 4198 SitAZzs

354 4240 416 4304 ulis
430 4241 526 4306 sectio
540 4241 704 4326 solidi-per
717 4263 818 4318 exem,
839 4239 890 4303 cui

353 4345 985 4438 occurruntplarraAMZAurflzipsi
1005 4332 1541 4408 AMunormalisinrectisAZ,
1564 4331 1639 4406 ΑΖ,

353 4478 424 4540 quae
439 4459 588 4524 circulum
604 4457 694 4523 radio
710 4459 740 4523 A
758 4459 785 4523 C
806 4458 840 4520 in
860 4449 957 4541 pla'no
971 4453 1003 4518 'A
1019 4453 1046 4517 Z
1060 4473 1077 4515 z
1093 4449 1318 4534 adescriptum
1332 4457 1440 4512 secent
1452 4446 1486 4510 in
1501 4443 1537 4508 X
1550 4454 1582 4508 et
1595 4461 1639 4517 ις

352 4561 487 4647 denique
502 4585 592 4628 arcus
609 4563 679 4629 Mo
694 4563 853 4628 circularis
867 4573 976 4624 centro
991 4561 1023 4622 A
1036 4557 1210 4643 descriptus
1225 4566 1370 4621 occumm
1384 4554 1456 4617 Am
1470 4551 1503 4614 in
1518 4571 1547 4614 ο.
1574 4547 1640 4612 His

351 4666 470 4753 positis,
493 4670 652 4736 minuatur
674 4670 805 4758 angulus
828 4677 992 4731 contentus
1012 4661 1114 4749 plenis
1137 4665 1169 4730 A
1185 4663 1225 4728 M
1239 4687 1268 4740 a,
1291 4664 1324 4726 A
1340 4662 1367 4727 Z
1381 4683 1410 4738 a,
1430 4669 1462 4724 et
1477 4655 1569 4722 simul
1582 4675 1641 4718 un·

351 4775 444 4867 gulus
461 4777 500 4843 M
509 4780 541 4843 A
552 4803 585 4843 m
600 4779 702 4844 donec
716 4789 909 4855 evanescant,
926 4787 958 4841 et
971 4775 1081 4839 ultime
1095 4775 1177 4846 ratio
1189 4774 1236 4838 vis
1250 4773 1312 4861 qui
1326 4769 1480 4858 particula
1494 4770 1526 4848 A
1540 4764 1643 4829 tendit
