3516 5870
339 563 401 622 sae
586 552 851 632 rroursruo
874 549 1149 618 nuvercam
1174 501 1370 614 causan

338 727 445 794 tabula
465 747 558 814 quam
581 725 677 791 celeb.
703 725 824 790 Cassini
846 724 880 788 in
902 723 1000 788 Mem.
1019 727 1112 790 1713.
1134 741 1194 806 pro
1215 719 1343 784 diversis
1366 719 1502 782 Luuae'a
1517 717 1627 782 Terra

339 833 492 900 distantiis
507 855 547 896 ex
561 833 702 916 plurimis
718 831 984 896 observationibus
1001 827 1132 894 Brestire
1151 826 1299 890 institutis
1314 825 1447 912 collegit,
1470 825 1546 888 satis
1569 848 1627 888 ao-

338 937 444 1004 curate
459 961 530 1002 cum
545 937 664 1003 theoriis
681 938 785 1002 nostri
801 937 967 1019 conspirat,
992 934 1112 1000 etiamsi
1132 935 1215 998 enim
1226 955 1288 1018 pro
1302 933 1396 997 Luna
1409 931 1547 1018 perigaea
1562 933 1626 994 mi-
1737 975 1738 982 .

339 1071 448 1113 norem
463 1049 664 1113 elevationem
679 1069 768 1132 aquae
782 1045 908 1121 tribuat,
924 1043 1018 1129 quam
1033 1045 1092 1108 ista
1103 1043 1183 1106 ratio
1198 1043 1377 1128 requireret,
1393 1053 1498 1104 tamen
1509 1040 1624 1104 discri-

338 1179 412 1220 men
433 1155 522 1218 valde
537 1168 583 1218 est
596 1155 761 1240 exiguum:
788 1152 864 1239 quin
886 1151 979 1216 etiam
997 1150 1087 1214 facile
1109 1149 1296 1214 concedetur
1310 1149 1435 1214 Lunam
1449 1147 1624 1235 perigaeam

338 1274 439 1326 totum
459 1283 550 1324 suum
571 1260 715 1324 effectum
735 1280 799 1322 non
821 1271 886 1322 tam
899 1256 962 1322 cltd
977 1257 1123 1340 consequi
1137 1278 1238 1340 posse,
1261 1277 1349 1340 quem
1366 1266 1620 1340 consequeretur,

281 1447 284 1453 μ
337 1369 364 1432 si
379 1369 471 1434 Luna
485 1366 637 1452 perpetud
652 1367 685 1431 in
698 1367 837 1453 perigaeo
856 1377 1041 1429 versaretur.
1086 1364 1188 1429 Aliter
1202 1377 1306 1429 autem
1321 1364 1411 1429 Luna
1426 1387 1558 1452 apogaea
1571 1379 1621 1428 est

339 1491 526 1562 comparata,
543 1499 614 1563 quae
628 1475 668 1540 ad
683 1474 921 1540 diminuendam
935 1487 1047 1539 aestum
1061 1473 1155 1538 maris
1170 1473 1279 1551 tendit,
1296 1469 1366 1536 ciam
1382 1473 1465 1536 euim
1479 1475 1621 1538 mareob

338 1589 481 1653 inertiam
503 1599 534 1650 et
556 1586 776 1670 impedimenta
795 1587 898 1670 ipsum
912 1585 952 1648 ad
967 1583 1206 1648 diminutionem
1220 1583 1313 1648 aestils
1329 1583 1369 1646 sit
1382 1583 1527 1667 proclive,
1552 1585 1620 1648 sine

338 1695 402 1760 ult
425 1693 597 1758 resistentirl
621 1695 713 1758 Luna
733 1695 767 1758 in
788 1715 918 1780 npogaeo
938 1694 1103 1756 constituta
1117 1692 1260 1757 effectum
1276 1713 1366 1756 suum
1381 1705 1494 1756 exeret.
1540 1691 1619 1757 Huc

339 1803 432 1866 etiam
446 1803 589 1886 pertinet,
606 1801 692 1886 quod
705 1802 820 1885 pariter
834 1799 929 1864 celeb.
947 1800 1069 1864 Cossini
1083 1822 1116 1864 se
1131 1800 1309 1865 observasse
1323 1813 1461 1877 testatur,
1485 1802 1620 1866 similem

340 1908 545 1974 differentiam
561 1910 618 1974 etsi
632 1907 735 1973 multd
748 1909 900 1972 minorem
915 1907 1039 1972 averiis
1055 1906 1136 1972 Solis
1151 1929 1171 1968 a
1185 1905 1285 1970 Terris
1301 1907 1452 1982 distauffis
1472 1908 1616 1992 produci,

340 2017 375 2080 id
390 2016 473 2102 quod
489 2029 604 2080 nostrae
620 2015 749 2082 theoriae
763 2035 827 2080 non
843 2014 944 2082 solum
959 2027 1005 2082 est
1019 2025 1270 2091 consentaneum,
1287 2013 1342 2078 sed
1356 2013 1429 2077 iride
1443 2014 1535 2078 etiam
1549 2016 1618 2100 ipsa

343 2125 498 2210 quantitas
512 2125 605 2210 hujus
619 2123 801 2191 differentiae
815 2134 918 2208 potest
932 2123 1064 2192 deliniri.

383 2239 407 2314 t.
435 2240 508 2296 110.
540 2231 688 2319 Denique
709 2231 865 2296 decimum
889 2232 1120 2317 phaenomenon
1136 2227 1210 2300 ¹sese
1231 2236 1321 2300 nobis
1344 2233 1617 2318 contemplandum

341 2340 440 2418 offert,
465 2361 527 2427 quo
547 2340 643 2426 vulgo
664 2341 756 2404 statui
777 2341 857 2404 solet
877 2353 970 2406 aestus
991 2354 1055 2406 tam
1068 2343 1299 2408 noviluniorum
1313 2341 1409 2428 quim
1430 2343 1619 2427 plenilunio·

341 2469 420 2526 rum,
445 2447 499 2534 qui
521 2447 704 2533 contingunt
724 2447 806 2510 circa
827 2449 1021 2533 aequinoctia,
1046 2451 1165 2512 caeteris
1180 2469 1247 2513 esse
1261 2450 1405 2534 majores,
1424 2449 1543 2513 etiamsi
1561 2451 1619 2512 ob-

342 2557 531 2620 servationes
546 2555 627 2620 hauc
641 2555 782 2642 regulam
795 2577 859 2620 non
880 2553 1002 2641 penitrls
1017 2557 1220 2632 confirment3
1243 2555 1445 2642 quamobrem
1458 2556 1618 2619 videamus

341 2661 499 2747 quomodo
513 2673 608 2727 aestus
618 2662 737 2724 coeteris
751 2663 877 2746 paribus
888 2676 1083 2749 comparatus
1095 2685 1162 2728 esse
1173 2663 1285 2726 debeat
1298 2685 1357 2747 pro
1372 2663 1500 2728 diversis
1516 2663 1619 2726 Lunae

343 2769 609 2835 declinationibus.
654 2771 703 2835 Ac
717 2770 820 2855 primd
835 2773 960 2856 quidem
975 2795 1014 2836 ex
1028 2771 1133 2836 nostrai
1149 2771 1268 2836 theoriis
1292 2777 1329 2855 (5.
1346 2773 1411 2852 87.)
1433 2785 1525 2835 aestus
1539 2772 1620 2834 dum

342 2877 434 2941 Luna
454 2869 498 2938 in‘
510 2889 667 2960 aequatore
688 2892 837 2956 versatur,
860 2883 1013 2945 maximos
1035 2905 1101 2945 esse
1123 2901 1188 2944 non
1207 2903 1309 2966 posse,
1334 2883 1393 2947 nisi
1414 2885 1444 2946 in
1463 2881 1535 2946 locis
1553 2885 1618 2946 sub

339 2985 409 3069 ipso
423 2993 580 3068 aequatore
594 2982 681 3046 sitis:
704 2997 797 3070 atque
812 2985 923 3050 eodem
944 2987 1015 3051 loco
1030 2986 1175 3051 tabellam
1190 2987 1369 3071 adjecimus,
1393 3013 1433 3052 ex
1447 2989 1505 3076 qui
1519 3003 1618 3073 patet,

340 3096 462 3160 cuinam
479 3096 579 3161 Lunae
594 3097 791 3162 declinationi
805 3100 933 3162 maximi
947 3113 1038 3165 astus
1054 3098 1269 3184 respondeant.
1315 3100 1366 3165 Ita
1379 3122 1439 3185 pro
1449 3101 1620 3164 elevatione

338 3204 405 3289 poli
437 3204 500 3270 50⁰.
525 3219 620 3270 aestus
644 3208 773 3270 maximi
797 3209 937 3273 incidunt
961 3210 1061 3274 Lunae
1084 3208 1282 3272 declinationi
1312 3215 1376 3276 27⁰.
1403 3209 1428 3272 si
1451 3209 1621 3295 quidemg

338 3305 483 3394 ponatur
497 3341 531 3368 ==
552 3311 605 3394 ab?
628 3325 660 3376 at
674 3314 776 3396 posito
792 3337 815 3402 g
832 3347 867 3371 =
879 3315 929 3396 ἡ,
949 3315 1033 3402 quod
1046 3315 1236 3399 probabilius
1250 3313 1382 3392 videtur,
1397 3316 1504 3399 prodit
1518 3316 1618 3380 Lunae

340 3416 506 3481 declinatio
520 3419 690 3482 maximum
704 3433 814 3483 aestum
829 3422 1004 3504 producens
1020 3422 1142 3486 circiter
1158 3429 1220 3486 16⁰.
1243 3421 1277 3486 id
1300 3421 1385 3507 quod
1399 3420 1529 3486 mirifice*
1544 3444 1617 3484 con·

340 3527 424 3588 venit
453 3547 524 3590 cum
552 3529 819 3593 observationibus
849 3531 889 3594 ad
915 3531 1018 3595 littora
1044 3529 1158 3595 Galliae
1184 3530 1436 3614 septentrionalia
1461 3531 1615 3606 institutis,

340 3630 451 3715 quibus
473 3645 594 3698 constat
613 3637 765 3699 maximos
787 3637 979 3724 syzygiarum
1001 3647 1093 3700 astus
1114 3637 1271 3701 mensibus
1294 3637 1466 3700 Novembri
1480 3649 1510 3700 et
1536 3637 1616 3701 Feb-

340 3743 446 3806 ruario
467 3743 607 3809 accidere
629 3747 738 3823 solere,
762 3747 874 3832 quibus
894 3749 1083 3834 temporibus
1106 3748 1198 3812 Luna
1212 3746 1276 3811 fere
1291 3749 1479 3836 assignatam
1501 3750 1621 3815 obtinet

338 3847 593 3920 declinationem.
630 3853 675 3915 'At
696 3853 782 3938 quod
803 3852 882 3917 forte
903 3854 949 3917 illi
964 3854 1097 3941 'regrrlae,
1121 3853 1182 3940 qui
1205 3855 1307 3918 Lunae
1327 3856 1360 3918 in
1376 3869 1533 3942 aequatura
1546 3877 1616 3918 rer-

340 3957 419 4019 santi
440 3958 569 4020 maximi
590 3969 684 4021 oestus
705 3959 839 4024 adscribi
860 3961 948 4038 solet,
971 3983 1078 4025 ansam
1099 3960 1269 4045 praebuisse
1289 3962 1420 4041 videtur,
1444 3977 1493 4028 est
1505 3963 1613 4029 modus

339 4079 472 4130 oestuum
493 4069 678 4153 quantitates
700 4069 870 4134 deliniendi
889 4071 1052 4155 peculiaris
1075 4093 1111 4133 ac
1136 4071 1208 4134 satis
1233 4069 1414 4155 perversus3
1434 4071 1507 4137 cdm
1532 4075 1614 4136 enim

338 4173 502 4238 crederent
516 4174 656 4260 plerique
671 4177 882 4242 observatores
896 4179 995 4242 causis
1010 4177 1117 4242 alienis
1132 4177 1327 4242 tribuendam
1342 4201 1410 4243 esse
1423 4181 1617 4266 inaequalita-

337 4293 410 4361 tem,
434 4305 504 4370 quae
526 4285 606 4348 inter
626 4285 717 4350 binos
739 4299 832 4351 aestus
847 4289 1035 4352 successivos
1050 4287 1229 4362 intercedat,
1246 4309 1351 4350 veram
1366 4311 1456 4374 aquas
1470 4288 1616 4353 clevatio·

337 4409 408 4451 nem
432 4391 605 4456 accuratirls
626 4392 757 4458 definire
778 4408 850 4459 sunt
871 4395 1023 4473 arbitrari,
1048 4397 1074 4460 si
1096 4406 1251 4461 sumerent
1272 4397 1408 4460 medium
1432 4399 1513 4462 inter
1526 4399 1617 4462 binos

337 4493 441 4558 fluxus
463 4499 660 4563 successivos.
706 4500 803 4576 Qubd
825 4502 851 4566 si
871 4515 973 4566 autem
988 4502 1049 4568 hoc
1062 4505 1157 4568 modo
1172 4505 1286 4589 quique
1301 4517 1394 4569 aestus
1413 4507 1616 4584 aestimentur,

340 4616 406 4666 tum
420 4607 528 4690 utique
542 4609 670 4672 maximi
691 4621 784 4674 aestus
805 4611 839 4674 in
853 4612 1039 4696 aequinoctia
1053 4611 1188 4675 incidere
1203 4613 1459 4694 observabuntur,
1482 4616 1517 4678 id
1531 4617 1617 4702 quod

340 4710 433 4774 etiam
457 4727 572 4778 nostra
596 4716 726 4781 theorias
750 4718 885 4783 maxime
910 4733 957 4784 est
980 4720 1148 4798 conforme,
1177 4725 1313 4808 exceptis
1336 4737 1458 4790 tantum
1482 4727 1620 4812 regioni·

340 4821 399 4884 bus
421 4820 501 4905 polis
523 4824 730 4892 vicinioribus.
778 4828 858 4893 Ctlm
886 4829 970 4894 euim
993 4829 1102 4914 positis
1128 4831 1199 4896 sinu
1223 4833 1401 4900 elevationis
1425 4834 1495 4921 poli
1516 4869 1552 4894 =
1578 4833 1619 4914 P,
