3568 5872
176 566 353 649 Cn.111.]
553 569 621 636 AD
642 567 865 636 TERTIUM
888 567 1086 634 LIBRUM.
1382 571 1461 634 xxix
1509 591 1512 598 ·

678 877 855 956 CAPUT
880 872 953 954 111.

174 1079 236 1152 De
259 1079 446 1176 Rhacopii
466 1103 507 1154 oc
533 1078 753 1154 mmmmm
772 1103 837 1152 aso
860 1089 896 1153 et
915 1076 1154 1152 Phaenomenis
1173 1075 1296 1148 lorum
1324 1077 1462 1149 Inama-

465 1214 653 1275 mentorum
672 1201 829 1298 beneficio
847 1201 1035 1276 observatis
1046 1221 1172 1297 pauco.

175 1435 226 1493 35.
253 1403 322 1500 Su·
350 1430 553 1518 telesoopium
581 1432 826 1498 astronomicum
862 1431 896 1496 D
928 1427 955 1495 F
985 1427 1018 1496 G
1049 1427 1088 1509 E,
1148 1435 1207 1500 A·
1276 1409 1306 1470 B

174 1539 290 1606 vitrum
317 1541 505 1627 objectivum
528 1539 562 1608 D
585 1537 625 1621 E,
651 1541 776 1606 oculare
800 1539 829 1604 F
856 1539 889 1605 G
896 1561 906 1615 ς
938 1539 1097 1624 objectum

175 1647 206 1714 A
217 1649 262 1730 03
278 1649 321 1716 iti
333 1664 487 1716 remotum
499 1663 533 1714 ut
541 1649 621 1716 radii
632 1651 685 1738 qui
697 1672 737 1714 ex
746 1648 871 1735 singulo
882 1643 963 1710 illius
979 1661 1097 1730 puncto

174 1757 207 1822 in
219 1771 315 1824 totam
326 1759 396 1824 vitri
407 1755 551 1845 objectivi
561 1755 758 1844 superficiem
768 1753 912 1820 incidunt
921 1777 981 1842 pro
991 1753 1096 1840 paral·

173 1864 242 1931 lelis
263 1865 383 1952 possint
404 1864 558 1952 usurpari.
608 1861 701 1932 Radii
723 1864 768 1930 illi
789 1889 829 1930 ex
844 1863 955 1930 eodem
977 1877 1097 1951 puncto

174 1993 204 2037 v.
218 1995 267 2062 gr.
290 1974 323 2039 A
343 1974 518 2060 propagati,
541 1995 561 2035 a
581 1965 663 2036 vitro
677 1971 832 2058 objectivo
846 1967 890 2036 'itt
904 1969 1095 2060 franguntur

173 2091 209 2145 ut
222 2093 294 2166 post
308 2081 424 2144 vitrum
435 2079 468 2143 D
482 2079 510 2144 E
521 2083 634 2144 coiiant
646 2079 679 2143 in
692 2102 789 2143 unum
800 2092 953 2163 punctum
969 2103 997 2155 a,
1011 2079 1099 2165 quod

173 2202 222 2254 est
235 2189 344 2272 puncti
360 2189 391 2252 A
406 2189 520 2275 imago,
543 2199 575 2252 et
589 2187 731 2252 similiter
744 2196 897 2271 punctum
914 2183 942 2250 C
956 2183 1098 2273 pingitur

174 2297 208 2359 in
230 2317 258 2372 c,
281 2305 444 2382 totumque
465 2295 622 2380 objectum
647 2294 723 2358 Ac
744 2295 854 2371 inae,
878 2293 939 2358 situ
960 2294 1095 2372 inverso,

174 2413 282 2488 estque
298 2424 316 2466 c
331 2425 350 2466 a
363 2401 424 2466 soci
438 2403 525 2466 locus
540 2403 572 2465 in
587 2423 650 2488 quo
664 2401 797 2487 proindi
819 2400 927 2466 oculus
944 2401 986 2480 Ο,
1009 2414 1096 2466 trans

172 2509 289 2574 vitrum
303 2505 428 2574 oculare
444 2507 472 2574 F
487 2509 532 2586 G,
548 2509 633 2574 videt
647 2509 803 2595 objectum
820 2511 850 2574 A
867 2509 905 2586 C,
927 2531 983 2575 seu
998 2511 1096 2598 ipsius

173 2617 419 2704 imaginemur„
465 2615 554 2680 Hinc
576 2617 604 2682 si
624 2617 656 2680 in
671 2615 732 2680 soci
746 2617 817 2682 loco
832 2640 850 2680 c
864 2641 883 2681 a
897 2619 1034 2704 positum
1057 2621 1098 2684 sit

173 2746 287 2810 corpus
301 2721 428 2811 aliquod
440 2746 583 2810 opacum,
600 2723 709 2789 oculus
724 2725 803 2788 illud
818 2725 962 2790 distincti
979 2727 1097 2792 videbit
1239 2783 1247 2818 .·
1313 2781 1320 2815 :

173 2845 322 2919 tanquam
343 2833 465 2919 objecto
488 2830 520 2897 A
544 2831 582 2910 C,
606 2852 661 2898 seu
682 2831 788 2918 potitis
809 2832 939 2921 imagini
958 2836 1025 2920 ejus
1045 2859 1096 2902 ac

174 2942 366 3030 contiguum.
1228 2933 1236 2964 “’
1323 2931 1327 2944 ’

219 3058 270 3115 36.
295 3049 385 3115 SitB
401 3048 546 3114 Oradius
561 3047 603 3112 ad
618 3048 690 3113 AC
705 3047 854 3112 normalis
870 3063 901 3113 et
915 3071 972 3134 per
987 3061 1095 3116 centra
1212 3113 1219 3126 ,

177 3156 467 3222 HetMvitrorum
478 3155 642 3232 transienS,
655 3155 788 3242 ideoque
796 3155 983 3222 irrefraotuS.
1014 3159 1094 3224 Jun-
1205 3134 1216 3246 ἐ
1339 3167 1346 3183 ’

172 3277 266 3355 gutur
280 3277 365 3330 recta
381 3266 412 3328 A
423 3258 465 3342 0‘,
481 3275 513 3328 et
526 3263 683 3348 objectum
699 3263 729 3327 A
746 3263 784 3341 B,
801 3265 893 3329 oculo
909 3264 994 3329 nudo
1010 3265 1095 3330 vide·
1340 3271 1345 3349 ξ

174 3385 262 3438 retur
286 3373 345 3437 sub
370 3371 487 3460 angulo
511 3372 542 3435 A
563 3370 595 3436 Ο
618 3371 657 3449 Β,
679 3385 787 3464 estque
805 3372 940 3457 proindd
962 3374 1096 3460 ungulus

175 3481 204 3546 A
219 3480 250 3546 Ο
263 3482 302 3560 Β,
318 3480 502 3568 magnitudo
516 3501 671 3564 apparens
685 3479 799 3565 objecti
815 3481 845 3543 A
859 3479 897 3545 Β.
936 3481 1096 3556 Quoniam
1120 3529 1123 3547 ,

174 3586 250 3654 vend
264 3587 345 3653 radii
360 3610 401 3652 ex
414 3587 538 3674 punctis
553 3587 697 3674 imaginis
712 3587 777 3651 bet
787 3611 806 3650 a
819 3587 967 3674 paralleli
981 3610 1095 3673 propa-

175 3696 240 3784 gati
261 3695 452 3784 oolliguntur
473 3719 493 3758 a
515 3697 595 3760 vitro
616 3696 735 3760 oculari
758 3693 785 3760 F
802 3697 835 3762 G
850 3697 881 3760 in
897 3698 962 3782 ejus
977 3696 1048 3764 foco
1063 3699 1095 3764 0

175 3803 230 3868 ubi
241 3802 349 3868 oculus
360 3816 596 3889 versaturgpars
611 3804 724 3888 objecti
740 3805 770 3868 A
787 3805 826 3882 B,
843 3828 898 3869 seu
909 3807 974 3891 ejus
989 3807 1095 3896 imago

175 3911 236 3990 ab,
246 3910 437 3977 videtursub
448 3911 705 4000 anguloMOL,
716 3926 747 3976 et
759 3917 828 3997 (per
839 3914 945 3978 Probl.
956 3916 1093 3982 XXXI
1200 3913 1206 3993 ἐ
1339 3909 1344 3985 ἶ

178 4021 332 4086 Element.
348 4021 475 4106 Dioptr.
494 4019 621 4084 Clariss.
635 4019 750 4100 Wolf.)
767 4019 914 4086 distantia
927 4021 988 4088 soci
1002 4025 1094 4092 lentis

176 4127 335 4212 objecti'vae
356 4130 446 4208 Hb,
470 4147 517 4194 est
531 4129 572 4193 ad
587 4128 766 4194 distantiam
780 4131 841 4196 foci
855 4131 946 4198 lentis
962 4137 1095 4201 ocularis
1282 4212 1285 4219 Α
1338 4123 1344 4204 i

175 4234 973 4360 umangnusmonadngnumnoa
989 4259 1096 4310 seua
1197 4281 1204 4316 2
1334 4225 1343 4320 ’,

173 4341 358 4430 magnitudo
379 4367 533 4431 apparens
554 4345 699 4434 imaginis
714 4347 824 4413 abad
846 4352 1094 4438 magnitudinem
1188 4321 1203 4406 'i

174 4461 378 4536 apparentem
400 4454 512 4540 objecti
538 4455 569 4518 A
593 4455 622 4518 B
645 4454 733 4519 nudo
757 4457 901 4522 oculo
872 4462 941 4540 visi,
968 4485 1009 4526 ex
1030 4487 1094 4552 quo
1172 4393 1367 4564 'ri-fiii&

174 4569 261 4643 patet
283 4557 397 4643 quod'
389 4580 421 4622 ur
442 4559 551 4625 eodem
567 4563 735 4648 telescopio
753 4568 983 4655 magnitudines
998 4595 1095 4659 appa-
1225 4561 1266 4675 ’.ὃ

176 4678 278 4729 rentes
298 4667 490 4752 objectorum
512 4682 583 4733 sunt
602 4673 852 4758 proportionales
872 4681 1226 4768 magnitudini-'-
1281 4664 1286 4677 ¹

175 4773 258 4840 bus'
249 4775 421 4863 imaginum
435 4774 469 4840 in
482 4774 552 4841 foco
565 4779 738 4864 positarum
752 4798 784 4850 et
798 4796 884 4852 trans
899 4789 1012 4854 vitrum
1027 4793 1201 4863 oculare
1172 4821 1318 4867 ursarum.
