3516 5870
344 507 407 568 800
591 500 861 579 INQUlSlTIO
884 499 1092 568 PHYSICA
1115 500 1166 568 IN
1189 499 1386 568 CAUSAM

340 677 466 758 indicat,
484 679 510 744 si
525 699 616 766 aqnae
629 679 809 765 superficies
823 699 921 764 supra
935 677 963 743 C
981 680 1048 764 jam
1062 675 1104 741 sit
1116 675 1245 753 elevata,
1261 688 1327 740 tum
1341 674 1406 739 vim
1420 672 1490 738 fieri
1510 675 1638 762 neguti-

339 809 421 866 vam,
445 788 586 874 adebque
607 811 720 876 aquam
737 789 923 875 deprimere.
969 789 1128 852 Praeterea
1141 787 1217 852 veru
1233 786 1343 852 eadem
1357 784 1538 872 hypothesis
1551 807 1636 849 con·
1730 797 1731 802 ’

339 893 482 960 firmatur
502 896 644 1004 pluribus
665 895 881 982 phaenomenis
902 917 993 982 aquae
1009 896 1115 962 nisum
1128 895 1375 982 respicientibus,
1399 895 1443 960 ita
1456 905 1493 960 ut
1507 894 1548 959 da
1561 895 1634 981 ojus

338 1005 467 1070 veritate
482 978 616 1091 amplius
630 1006 753 1071 nullum
767 1007 897 1072 dubium
913 1007 1057 1093 supersit.

382 1117 406 1192 §·
419 1119 470 1178 76.
489 1112 670 1175 Ponamus
657 1133 724 1198 Jam
738 1133 851 1198 aquam
864 1113 898 1176 in
914 1113 954 1178 M
968 1113 1167 1178 constitutam
1182 1113 1287 1200 urgeri
1300 1135 1321 1177 a
1331 1111 1397 1177 solt
1413 1053 1517 1188 Luni,
1533 1123 1630 1197 utque

337 1226 373 1280 ut
387 1215 523 1280 calculus
537 1237 596 1302 per
610 1239 643 1281 se
658 1218 807 1284 molestus
819 1219 923 1286 minus
938 1219 1053 1286 babeat
1066 1219 1266 1299 difficultatis,
1281 1220 1323 1286 ait
1335 1219 1423 1285 locus
1440 1220 1468 1286 C
1483 1219 1566 1285 sub'
1557 1239 1628 1306 rpeo

330 2475 488 2549 aequatore
510 2465 597 2542 situs,
621 2464 784 2554 Lunaeque
798 2463 965 2530 declinatio
979 2467 1075 2545 nullu,
1099 2489 1139 2530 ex
1154 2489 1217 2553 quo
1233 2466 1326 2532 Luna
1340 2467 1372 2530 in
1387 2467 1505 2531 circulo
1518 2467 1617 2531 maxi-

329 2593 383 2636 mo
396 2596 454 2659 per
468 2574 528 2639 loci
544 2575 647 2642 zetrith
663 2587 843 2640 transeunte
857 2587 1015 2662 aequatore
1027 2576 1143 2640 scilicet
1155 2575 1401 2640 circumferetur:
1418 2577 1458 2639 sit
1470 2575 1617 2642 EGFH

329 2681 400 2745 iste·¹
410 2685 554 2764 circulus,
578 2687 666 2772 cujus
688 2683 794 2752 rudius
815 2700 951 2774 ponatur
964 2719 999 2746 =
1017 2697 1045 2765 t,
1062 2701 1154 2774 atque
1171 2688 1200 2752 E
1216 2688 1243 2752 F
1258 2700 1460 2773 repraesentet
1473 2687 1615 2750 horizon-

329 2797 402 2864 tem,
426 2801 458 2853 et
473 2791 506 2856 G
520 2791 633 2855 zanith.
682 2791 796 2857 Positis
814 2792 872 2870 his,
895 2795 936 2858 sit
951 2794 1046 2859 Luna
1060 2796 1092 2858 in
1109 2795 1141 2859 T
1155 2795 1231 2859 dum
1245 2797 1340 2859 maris
1355 2795 1531 2880 superficies
1545 2817 1614 2858 rer-

329 2910 413 2961 satur
428 2898 461 2960 in
477 2899 526 2976 M,
550 2901 594 2966 ita
610 2913 644 2964 ut
660 2901 688 2964 P
703 2902 782 2966 T=
747 2926 818 2988 y
833 2903 987 2988 exprimat
1001 2903 1103 2968 sinum
1120 2903 1292 2970 altitudinis
1308 2903 1410 2968 Lunae
1424 2925 1513 2988 super
1525 2902 1610 2966 hori-

329 3055 439 3120 zonte3
465 3043 590 3108 unde·
563 3067 607 3108 vra
624 3045 727 3112 Lunae
741 3069 828 3113 mare
843 3049 990 3116 attollens
1004 3051 1116 3116 erit=
1139 3013 1423 3176 &iffi-²
1440 3021 1613 3176 mhi,

328 3263 431 3352 posito
445 3264 605 3336 brevitatis
618 3268 718 3358 gretii
734 3267 754 3330 Ιι
769 3289 829 3354 pro
840 3223 935 3390 '1sz
981 3271 1078 3336 Hanc
1093 3272 1135 3336 ob
1149 3292 1216 3334 rem
1231 3289 1307 3358 ergo
1321 3267 1501 3353 superficies
1522 3268 1614 3334 maris

326 3477 360 3544 in
376 3477 416 3545 M
431 3478 549 3563 duplici
562 3481 594 3546 vi
608 3481 775 3560 attolletur,
799 3481 916 3546 scilicet
930 3483 961 3546 vi
974 3461 1060 3628 a}
1085 3492 1117 3560 4
1138 3443 1310 3600 ψ.
1367 3474 1464 3557 Qutd
1488 3477 1514 3544 si
1539 3502 1613 3568 erga
1730 3445 1731 3448 ι

326 3661 480 3728 ponamus
494 3667 607 3730 equam
622 3646 655 3709 in
671 3645 711 3711 M
721 3648 788 3732 jam
804 3645 919 3712 habere
933 3661 1055 3714 motum
1066 3667 1189 3712 sursum
1200 3644 1364 3722 directim,
1377 3645 1464 3730 cujus
1475 3643 1614 3708 celeritas

325 3759 411 3813 tanta
434 3749 474 3814 sit
495 3765 611 3836 quanta
631 3753 802 3838 acquiritur
822 3754 913 3837 lapsu
933 3757 1037 3843 gravis
1059 3777 1100 3820 ex
1119 3751 1285 3819 altitudine
1309 3773 1339 3829 ι,
1366 3765 1460 3838 atque
1480 3752 1613 3837 spatium

327 3857 368 3924 M
381 3879 462 3923 tn-
427 3887 463 3900 -·
483 3897 522 3910 -
537 3861 559 3925 d
573 3883 588 3926 s
608 3862 802 3946 tempuscula
817 3863 939 3928 infinite
952 3887 1052 3950 parvo
1066 3861 1254 3938 absolvatur,
1276 3861 1444 3926 habebitur
1457 3881 1513 3946 per
1524 3857 1614 3945 prin,

326 4013 408 4100 cipia
421 4012 524 4078 motta
539 4014 636 4078 dv=
647 4013 723 4078 -d
738 3993 832 4127 s(-
852 4025 884 4094 ÷
905 3979 1084 4135 slyys
1093 3997 1126 4128 ).
1182 4015 1341 4080 Ponamus
1370 4011 1479 4100 porrb-
1493 4025 1612 4100 tempus

284 4228 287 4244 .
327 4183 367 4247 ab
392 4197 464 4249 ortu
487 4181 618 4247 Lunae
610 4203 643 4245 ιιι
665 4181 778 4269 Ejam
798 4097 949 4267 Ξὶιριιιιιι,
973 4181 1059 4268 quod
1081 4185 1167 4247 arcui
1191 4183 1220 4247 E
1242 4181 1274 4246 T
1299 4192 1346 4246 est
1370 4165 1612 4266 proportionale,

325 4313 392 4356 esse
413 4323 449 4350 =
470 4314 497 4370 z,
523 4313 594 4378 quae
615 4289 718 4355 littera
738 4291 841 4376 ipsum
863 4311 971 4354 arcum
994 4287 1071 4356 ΕΤ
1093 4290 1184 4354 simul
1205 4289 1343 4366 denotet,
1366 4289 1427 4352 erit
1439 4309 1461 4374 y
1474 4281 1510 4345 ὲ·-
1524 4287 1614 4350 sina

326 4400 443 4465 scilicet
458 4401 539 4465 sinui
554 4423 643 4465 arcus
665 4423 692 4478 z,
716 4399 778 4464 hoc
792 4401 875 4465 enirn
891 4399 987 4464 modo
1002 4401 1087 4465 sinus
1102 4423 1139 4465 ac
1153 4397 1277 4464 cosinus
1293 4421 1423 4464 uenum
1439 4419 1546 4463 sumus
1567 4397 1614 4460 in-

326 4507 476 4572 dicaturi:
500 4507 809 4572 undaorieturl-
766 4515 1042 4594 -ssyy=cos.
1059 4517 1120 4585 ta,
1144 4517 1402 4593 atquessyy-
1419 4515 1432 4569 1
1451 4509 1522 4587 εξ
1539 4539 1582 4556 -

323 4665 692 4759 {cosffahincquedv
708 4668 852 4733 =-da
880 4633 949 4809 (g
968 4625 1301 4782 -Ι-ΞΞΗ-ἲ-δᾙιοε.
1316 4639 1405 4771 iz).

372 4844 397 4922 §.
416 4841 468 4904 77.
492 4831 575 4899 cum
590 4834 686 4917 igitur
700 4831 887 4896 elementum
904 4827 1053 4913 temporis
1069 4825 1109 4892 sit
1121 4855 1157 4884 =
1172 4827 1235 4908 dz,
1258 4826 1318 4892 erit
1336 4847 1377 4890 ex
1391 4823 1502 4890 naturai
1517 4821 1621 4888 motus
