3516 5870
303 534 365 594 296
552 524 817 606 luuursl‘mo
843 521 1047 590 PHYSICA
1069 519 1120 584 IN
1143 511 1337 582 CAUSAM

300 701 407 788 regola
421 701 563 786 superior
577 725 597 766 a
610 698 756 766 distantii
781 697 861 766 Solis
876 719 896 762 a
908 695 1082 762 meridiano
1102 691 1200 778 petita
1214 689 1306 754 simul
1319 688 1360 752 ad
1373 685 1586 752 differentiam

300 810 543 874 ascensionslem
560 811 641 875 Solis
657 823 688 874 et
703 810 804 874 Lunae
817 818 922 892 potest
932 803 1170 878 accommodari,
1186 803 1230 864 ita
1240 812 1275 870 ut
1286 809 1409 862 maneat
1422 797 1585 860 mamista.

302 916 366 982 Sed
380 916 421 981 ad
433 937 572 1002 praesens
587 917 771 993 institutum,
785 937 847 1000 quo
862 923 982 976 tantum
993 909 1154 976 veritatem
1165 929 1267 971 causae
1278 905 1383 969 fluxius
1393 925 1430 968 ac
1445 905 1586 968 refluxus

299 1022 393 1086 maris
408 1021 556 1087 exhibitae
571 1021 730 1087 declarare
746 1020 925 1097 annitimur,
947 1039 1013 1082 non
1028 1037 1107 1102 opus
1121 1025 1169 1078 est
1183 1013 1251 1076 haec
1269 1010 1413 1098 pluribus
1427 1010 1584 1097 persequi,

300 1129 416 1215 quippe
430 1151 501 1216 quoe
514 1129 709 1213 potissimum
724 1127 766 1192 ad
781 1127 1026 1192 accuratissimus
1040 1122 1134 1187 aestirs
1149 1121 1260 1185 marini
1273 1121 1396 1186 tabulas
1411 1130 1587 1205 supputan-

300 1235 356 1299 das
370 1237 536 1319 pertinent,
549 1257 680 1321 quaeres
695 1237 728 1300 in
742 1233 902 1323 propositi
914 1234 1084 1319 qun-stione
1099 1229 1314 1295 illustrissime
1327 1229 1506 1326 Academiae
1518 1249 1586 1291 non

301 1341 453 1407 contineri
467 1341 599 1406 videtur.

846 1637 1027 1660 mm·

731 1863 907 1940 CAPUT
932 1861 1157 1938 SEXTUM.

419 2081 480 2158 De
496 2107 577 2160 uero
594 2097 680 2160 oesur
696 2086 828 2174 Muris,
853 2097 1017 2184 quaretur
1034 2085 1057 2158 d
1076 2087 1199 2160 Terris
1214 2107 1284 2158 non
1300 2085 1468 2156 turbam.

300 2339 323 2416 §-
341 2339 392 2404 71.
409 2309 523 2424 Qun
537 2334 688 2399 hactenus
703 2357 743 2400 ex
757 2336 874 2400 viribus
892 2335 974 2402 Solis
989 2358 1026 2400 ac
1041 2335 1143 2400 Lunae
1157 2335 1240 2398 circa
1254 2343 1365 2398 aestum
1380 2329 1473 2394 maris
1486 2325 1589 2392 fusirls

300 2437 498 2519 deduximus,
514 2438 550 2505 ei
566 2439 732 2526 hypothesi
746 2441 896 2518 nituntur,
914 2440 1059 2518 assumti,
1083 2463 1145 2527 qua
1163 2461 1275 2524 aquam
1291 2437 1410 2501 inertiae
1426 2448 1588 2520 expertem

300 2547 478 2630 posuimus:
502 2547 705 2632 quamobrem
726 2568 791 2611 non
813 2559 861 2611 est
882 2547 1060 2611 mirandum
1082 2546 1108 2610 si
1129 2545 1270 2632 plerique
1292 2543 1418 2608 effectus
1438 2540 1588 2629 assignati

300 2673 372 2717 cum
385 2651 599 2738 phaenomenis
614 2649 717 2716 minus
732 2665 915 2741 congruant,
939 2668 1033 2740 atque
1048 2652 1127 2716 adeo
1140 2671 1282 2738 pugnare
1296 2648 1461 2712 videantur
1469 2671 1478 2724 3
1501 2643 1588 2733 qubd

301 2759 424 2824 sienim
444 2761 573 2825 interce
593 2781 723 2844 prorsus
738 2753 947 2840 convenirent,
971 2763 1092 2827 theoria
1107 2783 1172 2825 non
1187 2760 1286 2826 soblm
1302 2781 1364 2823 non
1381 2781 1419 2822 eo
1434 2777 1584 2822 consensu

300 2865 545 2946 confirmaretur,
563 2869 618 2936 sed
633 2869 738 2956 potiris
753 2870 880 2934 omnino
892 2871 1131 2947 subverteretur,
1149 2867 1222 2933 crlm
1235 2869 1363 2954 quilibet
1373 2865 1463 2930 facile
1473 2883 1581 2951 agnos-

300 2985 350 3038 cat
371 2975 412 3037 ob
434 2996 523 3060 aquae
545 2975 687 3040 inertiam
709 2974 1016 3041 determinationibus
1038 2975 1184 3041 exhibitis
1206 2975 1365 3062 ingentem
1380 2972 1581 3036 mutationem

299 3079 406 3146 inferri
421 3082 544 3148 debere.
589 3084 672 3160 Quae
686 3095 789 3148 autem
805 3105 845 3148 ex
860 3084 1000 3148 deductis
1016 3081 1267 3148 conclusionibus
1281 3080 1417 3144 maxime
1431 3081 1471 3144 ab
1486 3099 1582 3162 expe-

301 3187 410 3254 rientid
432 3187 629 3266 dissentiunt,
653 3190 848 3274 potissimum
864 3191 1067 3277 quantitatem
1083 3189 1262 3254 elevationis
1278 3209 1368 3275 aquae
1382 3210 1419 3251 ac
1437 3185 1587 3270 temporis

300 3312 504 3378 momentum,
528 3322 590 3386 quo
612 3312 677 3363 tam
699 3322 821 3364 summa
840 3301 934 3364 maris
955 3299 1086 3364 elevatio
1101 3297 1195 3386 quim
1217 3299 1280 3362 ima
1294 3295 1452 3380 depressio
1466 3294 1587 3357 contin-

300 3421 374 3492 gere
400 3406 487 3483 solet,
514 3405 691 3492 respiciunt.
737 3405 901 3494 Nusquam
926 3407 1010 3470 enim
1036 3405 1090 3470 ubi
1117 3405 1245 3491 quidem
1271 3426 1357 3468 mure
1383 3415 1430 3467 est
1454 3400 1586 3466 liberum

301 3523 394 3596 atque
410 3523 560 3596 apertum,
578 3525 641 3576 tarn
655 3511 805 3599 exiguum
819 3511 984 3576 discrimen
1000 3513 1081 3576 inter
1094 3513 1215 3576 fluxum
1230 3533 1266 3575 ac
1281 3512 1437 3575 refluxum
1451 3511 1484 3572 in
1498 3531 1587 3595 aquae

301 3617 462 3683 altitudine
477 3620 668 3700 observetur,
685 3621 776 3709 quale
790 3621 822 3686 in
837 3621 1086 3706 precedentibus
1101 3621 1310 3698 definivimus,
1327 3633 1462 3704 quatuor
1472 3618 1587 3683 scilicet

282 3728 419 3812 ,pedum
439 3741 577 3806 tantum3
601 3753 671 3816 quae
692 3730 823 3795 elevatio
844 3731 973 3816 insuper
994 3744 1099 3796 tamen
1113 3730 1250 3794 maxima
1263 3744 1311 3794 est
1325 3729 1525 3813 deprehensa,
1547 3751 1585 3792 ac

303 3851 370 3902 tum
391 3837 492 3902 sohlm
514 3839 656 3916 oriunda,
673 3837 800 3924 quando
819 3849 888 3903 tum
909 3839 996 3928 regio
1009 3861 1109 3924 prope
1123 3850 1314 3924 aequatorem
1336 3849 1383 3902 est
1405 3838 1473 3914 sita,
1496 3833 1587 3923 quim

303 3943 385 4006 vires
402 3943 601 4006 luminarium
621 3944 703 4007 iuter
717 3966 750 4008 se
765 3943 900 4008 nraxhne
915 3947 1103 4032 conspirant.
1149 3944 1350 4031 Experientii
1366 3965 1499 4030 namque
1514 3965 1588 4008 con-

304 4059 375 4124 stat,
391 4049 548 4132 plerisque
562 4046 595 4108 in
609 4045 695 4124 locis,
717 4049 742 4110 si
765 4061 858 4113 aestus
873 4050 1033 4137 contingat
1046 4051 1210 4128 maximus,
1227 4072 1340 4136 aquam
1353 4070 1419 4113 non
1433 4047 1535 4114 schim
1548 4045 1588 4112 ud

304 4155 498 4222 altitudinem
510 4155 607 4242 duplo
621 4158 780 4244 majorem,
798 4158 851 4224 sed
868 4160 961 4224 etiam
976 4160 1192 4246 quadruplum,
1214 4157 1278 4222 imb
1292 4158 1451 4222 nonnullis
1465 4158 1499 4222 in
1513 4157 1589 4222 locis

304 4259 383 4326 adeo
404 4263 568 4349 decuplam
590 4263 708 4341 attolli3
733 4288 910 4352 quanquam
932 4266 1000 4330 haec
1023 4268 1157 4331 enormis
1172 4265 1301 4330 elevatio
1316 4287 1379 4330 non
1395 4265 1453 4330 soli
1470 4265 1591 4328 inertia

305 4389 403 4454 aquae,
427 4369 483 4434 sed
504 4363 674 4434 maximam
696 4385 819 4454 partem
833 4373 935 4436 vicino
949 4375 1121 4438 continenti
1140 4396 1176 4436 ac
1190 4372 1330 4437 littorum
1345 4374 1418 4438 situi
1432 4385 1479 4438 est
1492 4373 1591 4438 tribu·

305 4473 396 4550 enda,
422 4477 468 4539 uti
493 4475 526 4540 in
553 4477 695 4563 sequenti
722 4477 834 4562 Capite
859 4479 1027 4545 clarissime
1054 4479 1287 4545 monstrabitur.
1341 4481 1468 4546 Deinde
1498 4479 1590 4544 etiam

306 4583 393 4672 quod
407 4585 447 4648 ad
461 4599 584 4672 tempus
599 4589 718 4666 attinet,
743 4611 898 4675 nusquam
914 4589 974 4652 illis
994 4591 1068 4674 ipsis
1082 4591 1256 4668 momentis,
1274 4613 1343 4677 qnae
1358 4591 1590 4678 assignavimus,

305 4694 411 4758 fluxus
426 4713 463 4755 ac
478 4695 614 4760 refluxus
631 4719 769 4784 unquam
794 4697 987 4784 contingunt,
1013 4719 1070 4760 nec
1093 4697 1185 4764 etiam
1200 4698 1434 4784 tempestatibus
1447 4695 1501 4762 hic
1515 4696 1594 4762 defi·

306 4799 380 4865 uitis
401 4799 506 4863 fluxus
529 4801 658 4865 maximi
682 4802 730 4865 vel
756 4801 885 4879 minimi,
914 4802 970 4866 sed
991 4803 1108 4889 ubique
1129 4803 1247 4868 tardius
1271 4805 1394 4869 evenire
1416 4811 1594 4868 corrstunter
