3520 5884
321 587 326 594 ·
341 579 409 622 xxx
820 557 1155 623 INTRODUCTIO
1446 557 1548 636 [eu.
1562 555 1634 621 111.

383 735 434 796 87.
459 729 522 795 His
542 727 662 811 positis,
685 728 776 793 facile
801 742 852 794 cst
874 729 1066 794 mamati
1085 749 1178 794 maru
1199 727 1383 814 imelligere.
1440 727 1500 792 Est
1522 741 1632 794 autern

337 833 571 898 micrometrum
586 834 827 898 insumentum
848 834 934 921 quod
948 834 982 897 in
996 833 1067 898 loco
1080 834 1172 899 lentis
1187 833 1349 918 objectivae
1364 833 1525 918 telescopii
1539 847 1631 919 aptu-

336 953 390 1006 tur
413 941 455 1006 ad
481 941 711 1028 magnitudines
737 955 922 1026 apparentes
949 963 1020 1028 quoe
1045 942 1181 1028 gradum
1206 961 1306 1004 uuum
1326 939 1377 1004 val
1398 941 1533 1028 gradum
1554 963 1629 1005 curn

335 1050 462 1116 semisse
477 1071 541 1114 non
556 1063 713 1135 superant,
737 1050 951 1116 dimetiendas.
1012 1047 1101 1114 lllius
1121 1050 1385 1116 consuuctionam
1399 1071 1493 1135 quam
1509 1049 1554 1116 D.
1572 1050 1628 1115 De

335 1155 368 1222 la
383 1155 467 1222 Hire
488 1157 521 1218 in
537 1156 670 1220 Tabulis
686 1157 913 1222 Astrouomicis
938 1155 1035 1221 ueluti
1062 1157 1170 1220 usibus
1196 1155 1424 1220 Astronomicis
1449 1177 1626 1221 accommo-

337 1263 492 1332 datiorem
520 1265 620 1344 dedit,
655 1265 834 1332 refmm
894 1265 1028 1330 Constat
1056 1287 1097 1330 ex
1125 1265 1248 1330 duobus
1278 1263 1405 1351 quadris
1434 1265 1626 1352 rectangulis

336 1393 471 1460 quorum
498 1371 631 1436 alterurn
653 1373 685 1437 A
701 1371 835 1450 CBD,
863 1385 898 1436 ut
919 1371 1091 1457 plurimum
1116 1371 1344 1460 longitudinem
1369 1371 1465 1444 habet
1489 1371 1625 1436 duorum

333 1477 484 1566 pollicum
504 1501 577 1544 curu
597 1480 725 1546 &misse
739 1491 772 1544 ct
786 1475 985 1544 latitudinem
1000 1478 1094 1546 unius
1108 1479 1230 1564 pollicis
1245 1499 1318 1543 cunr
1333 1477 1470 1542 semisse.
1516 1477 1623 1563 Hujus

217 1609 223 1618 ·
332 1584 454 1670 quadri,
478 1585 576 1650 latera
596 1585 693 1674 longa
713 1586 744 1652 A
761 1581 804 1664 D,
830 1585 859 1651 C
876 1585 916 1663 B,
939 1585 973 1650 iu
994 1599 1099 1671 partes
1121 1585 1257 1672 aequales
1271 1598 1303 1649 et
1317 1585 1408 1649 tertii
1422 1598 1512 1670 parta
1531 1586 1623 1648 unius

331 1689 454 1774 pollicis
469 1691 550 1756 inter
565 1713 598 1756 se
613 1691 763 1758 distantes
778 1691 970 1770 dividuntur,
993 1690 1035 1756 itd
1051 1705 1157 1756 tamen
1171 1703 1208 1756 ut
1221 1690 1313 1754 linear
1328 1689 1431 1754 ductae
1444 1712 1502 1774 per
1516 1691 1622 1778 singu·

333 1794 381 1860 las
396 1794 563 1860 divisiones
578 1796 641 1862 sint
655 1791 696 1862 ad
709 1797 808 1861 latera
823 1797 854 1861 A
865 1797 910 1874 D,
928 1796 956 1863 C
969 1795 1008 1873 B,
1023 1795 1306 1881 perpendiculares.
1350 1793 1450 1859 Hisce
1464 1795 1622 1861 divisioni·

333 1902 391 1967 bus
415 1901 469 1966 lila
491 1903 590 1970 serica
614 1903 694 1972 bend
717 1917 806 1970 tensa
827 1901 1033 1990 applicantur,
1059 1903 1319 1992 glutinanturque
1344 1903 1425 1968 cerri.
1481 1903 1621 1972 Additur

330 3063 419 3128 filum
441 3065 577 3144 sericum
602 3067 634 3132 K
657 3068 697 3146 L,
728 3071 845 3138 dictum
876 3078 1090 3158 transversale,
1122 3083 1207 3168 quod
1227 3083 1269 3148 ad
1290 3083 1422 3173 angulos
1444 3098 1545 3152 rectos
1566 3085 1619 3150 lila

330 3171 483 3254 parallelo
506 3173 606 3238 modo
628 3175 784 3264 descripta
804 3203 823 3244 a
844 3180 876 3258 b,
899 3183 964 3262 cd,
988 3185 1042 3263 el,
1066 3188 1124 3252 &c
1148 3201 1232 3256 secet
1252 3203 1285 3256 et
1305 3192 1339 3256 iu
1360 3193 1465 3257 medio
1486 3193 1619 3258 laterum

332 3280 365 3344 A
382 3279 421 3358 C,
447 3281 525 3350 BD
547 3283 730 3372 glutinatur.
776 3287 921 3354 Alterum
944 3292 1099 3378 quadrum
1126 3295 1155 3360 Ε
1179 3297 1206 3362 F
1231 3296 1269 3361 H
1285 3297 1319 3364 G
1343 3301 1430 3386 cujus
1455 3299 1619 3388 longitudo

331 3383 404 3452 EF
426 3410 490 3453 nou
513 3403 640 3475 superat
661 3413 760 3455 unum
781 3394 927 3478 pollicem
947 3419 1019 3462 curu
1040 3401 1176 3478 semisse,
1197 3403 1240 3465 ita
1254 3403 1351 3486 priori
1366 3405 1618 3470 accommodatur

329 3501 365 3554 ut
390 3493 456 3577 ejus
482 3495 580 3560 latera
605 3497 633 3563 E
657 3500 694 3584 F,
720 3501 752 3567 G
769 3501 815 3581 H,
838 3519 1022 3572 moveautru
1045 3531 1141 3595 super
1162 3511 1259 3576 latera
1273 3512 1306 3576 A
1321 3509 1367 3586 D,
1385 3513 1413 3580 C
1430 3513 1468 3591 B,
1491 3514 1616 3579 alterius

329 3597 440 3684 quadri
457 3621 516 3664 nec
531 3603 571 3666 ab
586 3605 654 3689 ipso
670 3624 862 3692 separentur.
914 3614 1023 3680 Facies
1033 3615 1126 3703 hujus
1142 3617 1270 3683 secundi
1281 3617 1391 3704 quadri
1405 3642 1476 3705 quae
1487 3621 1617 3686 divisam

328 3705 440 3774 faciem
462 3709 577 3793 prioris
599 3713 735 3800 respicit,
759 3717 814 3781 filo
836 3721 931 3783 ctiam
953 3723 1052 3786 serico
1075 3734 1107 3787 et
1129 3737 1218 3789 tenso
1237 3725 1259 3788 h
1276 3727 1315 3804 L,
1332 3725 1505 3807 instruitur,
1521 3729 1614 3816 quod,

327 3812 400 3879 crim
425 3831 568 3883 movetur
593 3821 748 3906 quadrum
771 3825 888 3911 ubique
914 3826 1027 3910 prioris
1051 3829 1165 3916 quadri
1189 3831 1250 3896 filis
1274 3833 1457 3918 parallelum
1481 3848 1613 3912 maneat,

326 3945 424 4010 euque
451 3925 662 4008 superlabitur
688 3950 782 4014 quam
807 3931 962 4017 proxime,
989 3955 1049 3998 nec
1076 3947 1180 4002 tamen
1207 3939 1251 4002 eis
1277 3941 1421 4004 occurrit.
1479 3941 1615 4006 Cochlea

329 4032 443 4098 deinde
461 4033 499 4098 M
516 4033 558 4112 N,
580 4033 671 4102 lateri
687 4038 716 4101 B
732 4038 775 4116 D,
792 4039 943 4128 longioris
960 4042 1072 4130 quadri
1088 4045 1233 4134 affigitur,
1250 4049 1338 4132 cujus
1353 4047 1495 4112 striatum
1510 4071 1614 4134 recep-

325 4141 463 4206 taculum
482 4142 574 4207 lateri
599 4144 625 4208 F
642 4146 679 4211 H
700 4147 826 4214 alterius
848 4149 989 4216 adhaeret
1010 4154 1094 4217 etin
1115 4153 1266 4220 foramine
1281 4157 1416 4222 rotundo
1431 4157 1614 4228 circumvol-

327 4245 415 4311 vitur.
462 4251 601 4316 Cochlea
622 4255 749 4342 ejusque
763 4260 995 4342 receptaculum
1010 4261 1156 4328 auriculis
1174 4266 1206 4342 S,
1226 4267 1259 4345 S,
1275 4265 1459 4330 instructum
1474 4269 1519 4334 iul
1533 4273 1615 4338 inter

325 4376 358 4418 se
378 4359 478 4440 aptari
500 4359 616 4426 debent
632 4375 667 4428 ut
681 4365 912 4449 receptaculum
927 4379 959 4432 et
974 4369 1129 4456 quadrum
1145 4369 1174 4435 E
1191 4371 1237 4448 H,
1253 4392 1295 4433 ne
1308 4369 1472 4438 minimdm
1488 4377 1614 4462 quidem

324 4465 442 4526 moveri
456 4471 564 4550 possit,
581 4471 642 4534 nisi
662 4475 850 4559 receptaculi
870 4488 958 4542 motu
981 4481 1203 4546 conversionis.
1248 4481 1415 4557 Quadrum
1428 4487 1461 4551 A
1478 4482 1505 4547 C
1526 4479 1611 4564 BD,

325 4569 484 4656 telcscopii
506 4578 640 4661 cujusvis
661 4580 866 4670 longitudinis
886 4586 963 4652 tubo
984 4589 1018 4652 in
1033 4588 1178 4654 distantiis
1203 4588 1265 4654 foci
1285 4593 1446 4678 objectivae
1463 4593 1553 4659 lentis
1569 4593 1612 4658 itt

326 4691 451 4762 aptatur
472 4693 508 4744 ut
529 4685 626 4770 ipsius
648 4689 760 4776 quadri
780 4693 913 4778 planum
933 4697 1192 4783 perpendiculum
1215 4699 1256 4764 sit
1276 4703 1316 4768 ud
1332 4705 1489 4789 telescopii
1510 4727 1610 4768 axem.

329 4787 393 4852 His
408 4788 451 4854 tut
465 4795 651 4876 constitutis,
669 4801 874 4888 telesoopium
888 4803 921 4867 in
936 4805 1050 4872 coelum
1064 4821 1264 4875 convertatur
1278 4826 1311 4877 et
1324 4811 1367 4876 itt
1381 4813 1563 4896 disponatur
1578 4825 1612 4877 ut
