3516 5870
423 515 613 610 rruxus
635 543 697 608 sc
720 540 974 611 anrruxus
997 541 1157 610 ulnas.
1368 549 1429 607 ars

151 711 250 796 spatio
270 733 290 774 a
310 721 419 774 centro
439 711 598 798 gravitatis
619 710 740 774 interea
759 731 909 794 percurso
924 723 971 776 est
984 709 1193 774 estimandus.
1239 707 1315 774 Hoc
1336 709 1432 796 igitur·

149 838 232 894 casu,
255 839 317 902 quo
340 816 451 880 Terras
465 815 661 900 superficiem
676 815 808 880 solidam
823 817 864 882 ad
878 841 910 882 nr
925 841 946 884 n
960 837 1059 902 usque
1079 817 1257 904 pertingere
1271 817 1429 901 ponimus,

149 926 321 1010 reperietur
336 937 476 990 centrum
490 925 649 1012 gravitatis
663 947 773 990 massoe
788 947 810 990 n
826 927 854 990 F
869 921 908 988 M
922 947 955 988 m
967 925 1031 990 fere
1046 927 1135 1012 oeque
1150 927 1290 991 celeriter
1304 948 1432 1012 promo·

149 1033 214 1096 veri
236 1031 351 1097 debere
373 1054 409 1096 ac
429 1044 580 1116 punctum
596 1031 638 1108 A,
659 1055 699 1096 ex
713 1052 777 1116 quo
790 1029 857 1114 ejus
873 1029 1011 1094 celeritas
1026 1044 1113 1094 tanta
1127 1054 1194 1096 esse
1208 1033 1345 1110 deberet,
1369 1032 1431 1117 qud

150 1155 290 1229 tempore
304 1145 395 1208 unius
409 1143 497 1206 horre
508 1144 642 1228 spatium
652 1141 717 1204 ferd
729 1149 767 1205 15
779 1138 931 1226 graduum
947 1161 1130 1224 percurrere
1144 1155 1258 1224 posset,
1271 1165 1342 1226 ‹111oe
1350 1141 1432 1205 cele·

153 1253 228 1316 ritas
242 1253 379 1338 undique
393 1250 474 1314 foret
484 1250 620 1314 enormis
635 1271 672 1313 ac
687 1247 864 1333 stupenda'
879 1248 924 1312 At
938 1249 965 1311 si
979 1249 1058 1312 mari
1076 1247 1320 1332 profunditatem
1334 1252 1432 1333 majo·

150 1381 216 1424 reru
229 1359 412 1434 tribuamus,
434 1356 550 1422 scilicet
564 1355 605 1420 ad
624 1381 648 1432 μ
667 1383 678 1416 v
698 1378 806 1441 usque,
829 1367 896 1418 tum
910 1354 965 1418 illa
978 1355 1120 1420 celeritas
1134 1355 1234 1420 multb
1248 1355 1304 1420 fiet
1317 1356 1431 1434 minor,

148 1465 304 1532 decrescet
317 1485 451 1550 namque
465 1465 498 1526 in
513 1464 622 1528 eadem
637 1465 756 1528 ratione
771 1465 804 1528 irr
815 1485 877 1550 qua
889 1463 1084 1548 profunditas
1093 1465 1214 1528 crescit
1243 1465 1325 1528 Cum
1336 1465 1433 1551 igitur

147 1574 287 1638 celeritas
308 1572 412 1647 maris,
435 1591 506 1655 quae
531 1571 603 1635 ants
624 1571 657 1634 in
673 1593 707 1636 se
721 1583 858 1656 spectata
871 1573 999 1638 inventa
1012 1587 1060 1638 est
1073 1575 1193 1638 cosinui
1215 1573 1303 1659 dupli
1325 1573 1433 1662 anguli

151 1681 191 1749 M
208 1682 236 1745 C
252 1681 284 1745 A
297 1677 550 1764 proportionalis,
567 1679 606 1744 od
620 1681 676 1744 fiat
690 1681 802 1758 minor,
825 1703 888 1767 quo
902 1677 1051 1766 majorem
1065 1703 1152 1746 mare
1166 1679 1281 1746 habeat
1302 1681 1432 1766 profun-

149 1789 288 1867 ditatem,
318 1789 436 1852 tenebit
462 1809 503 1852 ea
532 1789 565 1850 in
594 1811 717 1874 quoque
741 1787 812 1852 loco
836 1789 988 1854 rationem
1013 1787 1214 1873 compositam
1242 1811 1282 1852 ex
1311 1789 1432 1852 ratione

148 1896 266 1962 directa
282 1897 406 1960 cosinira
421 1895 509 1980 dupli
523 1895 630 1983 anguli
646 1895 686 1960 M
698 1897 768 1961 CA
783 1909 876 1984 atque
890 1919 931 1962 ex
946 1897 1067 1960 inversa
1084 1895 1313 1981 profunditatis.

196 2009 220 2084 ς.
238 2011 289 2067 95.
313 2001 418 2065 Datur
432 2013 536 2065 autem
550 2001 628 2066 alius
642 1999 754 2065 modus
769 2002 958 2066 celeritatem
973 2001 1067 2064 maris
1080 2001 1315 2078 horizontalem,
1331 1999 1433 2084 posita

149 2107 275 2185 scilicet,
291 2107 407 2193 ubique
428 2105 638 2192 profunditate
655 2106 774 2186 etdem,
790 2106 1028 2184 determinandb
1053 2108 1224 2192 quitamen
1239 2107 1280 2172 ad
1294 2107 1433 2172 diversas

147 2215 373 2300 profunditates
394 2227 489 2300 patet,
513 2215 539 2280 si
560 2237 631 2280 cum
654 2216 773 2279 ratione
794 2215 980 2280 inveniendi
995 2217 1222 2302 conjungamus
1238 2217 1433 2302 reciprocum

149 2321 397 2406 profunditatum
412 2323 457 2388 uti
471 2322 617 2400 fecimus3
640 2323 866 2408 deduciturque
879 2323 931 2386 hic
946 2323 1058 2388 modus
1073 2345 1114 2388 ex
1128 2337 1215 2388 motu
1231 2325 1324 2388 maris
1339 2325 1434 2390 verti·

148 2433 217 2510 cali,
245 2455 308 2517 quo
331 2430 428 2496 modb
454 2431 593 2496 ascendit
617 2429 712 2494 modb
738 2430 908 2507 descendit,
932 2432 986 2518 qui
1002 2433 1068 2518 jam
1090 2432 1185 2516 suprd
1207 2446 1253 2496 est
1274 2432 1431 2498 definitus.

155 2540 264 2607 Primb
291 2542 373 2606 enim
397 2539 595 2604 manifestum
620 2551 677 2616 est,
705 2539 730 2602 si
753 2559 840 2602 mare
854 2539 969 2625 ubique
991 2538 1102 2604 elidem
1126 2537 1293 2617 celeritate,
1319 2538 1434 2624 (positi

151 2649 363 2734 profunditate
377 2649 492 2734 ubique
506 2647 632 2734 aequali)
654 2648 686 2710 in
702 2646 834 2712 eandem
848 2647 973 2733 plagam
985 2657 1235 2732 promoveretur,
1257 2660 1324 2712 tum
1339 2648 1435 2714 eriam

151 2758 346 2824 altitudinem
368 2779 548 2824 mansuram
570 2779 636 2822 esse
657 2757 790 2822 eandem
805 2758 930 2846 ubique,
954 2779 1057 2848 neque
1072 2757 1167 2822 ullam
1181 2759 1388 2822 mutationem
1400 2757 1437 2820 iu

147 2867 319 2931 elevatione
333 2888 423 2952 aquae
439 2877 576 2930 orturam
592 2887 668 2930 esse.
710 2865 756 2930 At
770 2867 797 2928 si
810 2889 892 2952 aqua
905 2879 993 2932 motu
1008 2867 1187 2952 irrraquabili
1200 2865 1437 2954 progrediatur,

148 2972 347 3036 manifermm
367 2985 414 3038 ort
434 2972 473 3036 iis
493 2971 526 3036 ‘m
547 2971 634 3052 locis,
657 2971 711 3036 ubi
732 2971 872 3038 celeritas
894 2973 1088 3051 diminuitur,
1117 2997 1230 3060 aquam
1255 2986 1435 3060 turgescere

149 3093 244 3164 atque
270 3080 349 3142 adeo
374 3078 488 3142 elevari
513 3078 638 3154 debere,
664 3079 812 3160 quoniam
840 3081 911 3162 plus
938 3103 1028 3164 aquae
1053 3080 1153 3144 affluit
1178 3079 1272 3164 quim
1301 3078 1434 3156 defluit3

151 3182 260 3248 eontra
281 3181 357 3246 verb
379 3181 435 3246 ubi
454 3182 597 3246 celeritas
618 3201 708 3265 aqum
730 3193 857 3259 crescat,
884 3183 927 3246 ibi
949 3205 1062 3268 aquam
1091 3183 1252 3250 subsidere
1277 3198 1433 3268 oportere.

150 3289 258 3365 Quare
280 3286 354 3354 cum
376 3287 506 3352 elevatio
528 3295 560 3352 et
581 3285 739 3369 depressio
760 3287 854 3350 maris
868 3310 888 3350 a
901 3287 1004 3353 motira
1019 3289 1208 3376 progressivi
1230 3288 1434 3356 horisontalis

147 3395 358 3481 inaequalitate
372 3391 515 3477 pendeat,
532 3391 637 3456 licebit
650 3411 710 3474 pro
724 3393 833 3478 quovis
847 3393 918 3458 loco
930 3395 1012 3460 burc
1031 3395 1275 3481 inaequalitatem
1288 3397 1433 3477 definire,

148 3523 191 3580 err
210 3512 299 3566 motu
327 3497 474 3564 maenada
496 3508 527 3561 et
547 3495 714 3562 descensus
736 3498 872 3583 cognito.
929 3494 1010 3568 Crito
1031 3501 1114 3566 caim
1130 3502 1272 3568 celeritas
1285 3505 1434 3572 mcensds

149 3609 189 3674 sit
210 3607 409 3672 decremento
430 3605 594 3670 celeritatis
615 3606 822 3692 progressivae
843 3605 981 3691 equalis,
1004 3608 1145 3674 celeritas
1167 3609 1336 3676 descensds
1358 3613 1435 3680 vent

148 3713 341 3778 incremento
363 3711 527 3776 celeritatis
547 3713 763 3797 progressive,
790 3733 831 3775 ex
851 3711 926 3776 dato
950 3725 1038 3778 motu
1060 3714 1197 3778 verticuli
1225 3717 1306 3782 ratio
1330 3717 1436 3784 morlia

150 3818 352 3884 boriaontalis
377 3815 502 3882 definiri
526 3817 650 3901 poterit.
705 3816 885 3882 Invenimus
910 3830 1014 3882 autem
1039 3817 1180 3904 supraf-
1207 3830 1259 3900 84,
1289 3823 1316 3888 si
1341 3823 1435 3890 Luna

151 3927 353 3992 ameridiano
378 3923 486 3990 uersus
511 3945 656 3988 occasum
676 3925 742 4009 jam
760 3925 887 3990 recessit
904 3927 1019 4014 angulo
1040 3949 1068 4006 z,
1090 3927 1152 3994 hoc
1172 3941 1220 3994 est
1248 3929 1321 3995 clun
1346 3933 1435 4020 regio

151 4031 312 4115 proposita
335 4031 375 4096 ab
401 4029 448 4107 et,
474 4029 508 4094 iu
533 4028 593 4117 qui
619 4051 700 4116 aqua
724 4025 924 4110 est'summa,
952 4030 1059 4098 versus
1084 4035 1237 4100 orientem
1261 4037 1436 4104 secunddm

151 4136 380 4225 longimdiuem
404 4138 498 4204 distet
523 4135 639 4225 ungulo
664 4159 691 4215 r,
721 4137 788 4204 fore
812 4139 1000 4206 celeritatem
1025 4140 1087 4227 quai
1115 4165 1196 4228 aqua
1224 4143 1364 4209 ascendit
1397 4169 1430 4206 =

150 4245 524 4434 W
538 4301 582 4336 -ὲ-
599 4243 910 4436 Qlffl
969 4285 1077 4365 Quare
1097 4285 1170 4353 crlm
1190 4286 1265 4354 huic
1286 4288 1436 4354 celeritati

149 4451 296 4520 ascensius
324 4452 556 4538 proportionale
581 4455 622 4520 sit
646 4453 878 4520 decrementum
907 4459 1011 4528 motus
1039 4460 1249 4537 horizontalis,
1280 4460 1339 4524 erit
1366 4460 1436 4546 ipsa

148 4599 292 4666 aresta
310 4597 512 4664 rossontus
526 4601 632 4667 van,
647 4623 792 4668 oscam
805 4557 1376 4728 “Q
1397 4613 1431 4681 ÷
