3516 5870
397 493 588 561 FLUXUS
610 492 672 559 AC
697 491 953 559 REFLUXUS
976 493 1137 560 MARIS.
1345 501 1408 564 287
1612 442 1616 451 Ι

124 657 226 746 ipsum
241 647 404 728 meridiem
418 665 552 740 incidst3
575 666 644 747 ipso
659 683 784 749 quoque
797 664 938 729 meridiei
958 677 1117 732 momento
1131 666 1267 730 maxima
1282 666 1409 731 babebi-

126 783 176 834 tur
192 795 282 857 aquae
297 773 446 848 elevati03
469 774 645 857 pariterque
660 770 686 834 si
708 771 741 834 id
756 773 877 835 eveniat
891 774 991 837 medii
1009 789 1109 852 nocte,
1134 775 1244 838 eodem
1259 775 1328 858 ipso
1342 796 1410 847 mo-

123 895 230 946 mento
251 907 332 968 aqua
353 884 524 946 maximam
543 881 698 944 obtinebit
718 881 930 946 elevationem.
977 883 1096 977 Veqim
1112 885 1140 948 si
1161 883 1339 967 conjunctio
1361 885 1410 948 vel

123 995 279 1078 oppositio
300 995 499 1062 luminarium
521 993 684 1056 meridiem
709 993 758 1056 vel
783 993 941 1076 praecedat
964 993 1014 1054 vel
1036 1006 1192 1076 sequatur,
1216 1005 1283 1055 tum
1306 993 1409 1056 fluxus

122 1121 186 1164 non
208 1103 241 1164 in
262 1103 367 1186 ipsum
388 1101 551 1166 meridiem
572 1099 698 1177 incidet,
723 1100 778 1164 sed
799 1101 849 1164 vel
867 1099 986 1164 tardids
1009 1099 1056 1162 vel
1085 1098 1174 1164 citids
1198 1103 1308 1178 veniet,
1337 1103 1410 1188 quia

125 1206 217 1270 Luna
239 1208 289 1272 his
311 1208 433 1272 casibus
455 1221 606 1292 tanquam
625 1207 774 1290 primaria
793 1206 888 1270 aestds
903 1229 996 1272 causa
1012 1207 1061 1270 vel
1081 1217 1153 1292 post
1166 1205 1303 1270 velante
1317 1210 1410 1271 meri·

123 1313 205 1378 dien
227 1314 269 1378 ad
291 1313 500 1379 meridianum
524 1314 682 1400 pertingit.
728 1315 833 1400 Atque
848 1313 922 1377 hinc
937 1337 976 1378 eo
991 1313 1052 1392 die,
1075 1314 1107 1376 in
1124 1335 1217 1400 quem
1231 1315 1295 1378 sive
1308 1315 1410 1400 pleni·

121 1423 242 1486 lunium
257 1425 322 1488 sive
336 1424 532 1488 novilunium
545 1423 665 1500 incidit,
681 1422 770 1488 facile
784 1422 899 1506 poterit
914 1421 1037 1486 definiri
1052 1423 1233 1486 acceleratio
1248 1423 1297 1486 vel
1312 1437 1409 1490 retar-

121 1529 207 1594 datio
231 1529 336 1594 fluxds
361 1542 505 1614 respectu
527 1529 678 1624 meridiei.
734 1529 893 1594 Ponamus
915 1530 997 1594 enim
1018 1513 1212 1593 novilunium
1234 1553 1289 1594 seu
1309 1531 1409 1615 pleni·

121 1638 243 1702 lunium
257 1638 410 1701 celebrari
424 1661 446 1701 n
460 1637 547 1701 horis
563 1651 634 1702 ante
649 1638 820 1726 meridiem,
837 1639 920 1703 unde
935 1629 1007 1704 cdm
1021 1651 1124 1704 motus
1140 1640 1241 1704 Lunae
1255 1642 1375 1706 medius
1390 1668 1410 1708 a

123 1749 196 1812 Sole
211 1747 342 1812 diurnus
358 1748 399 1812 sit
416 1756 478 1811 12⁰.
494 1747 628 1824 circiter,
651 1749 720 1832 ipso
734 1748 863 1812 meridie
879 1749 972 1812 Luna
986 1771 1006 1812 a
1020 1748 1191 1812 meridiano
1201 1751 1267 1832 jam
1281 1750 1410 1821 distabit

122 1895 238 1984 angulo
256 1895 383 1960 horario
400 1879 544 2022 {grad
562 1895 667 1960 versds
689 1909 802 1974 ortum,
826 1919 866 1961 ex
884 1919 946 1986 quo
970 1898 1063 1962 Luna
1084 1908 1157 1988 post
1178 1899 1339 1966 meridiem
1355 1899 1409 1966 de-

121 2129 208 2171 mum
222 2130 280 2193 per
294 2107 500 2172 meridianum
515 2108 668 2188 transibit,
686 2108 797 2194 elapsis
816 2091 959 2238 ²{ghotis
983 2131 1036 2173 seu
1059 2117 1112 2174 211
1145 2108 1273 2172 minutis
1290 2109 1409 2192 primis.

124 2279 181 2343 Sin
195 2290 302 2343 autem
315 2280 508 2344 novilunium
524 2281 769 2366 pleniluniumve
785 2280 906 2344 accidet
920 2301 941 2342 n
956 2278 1042 2342 horis
1063 2293 1135 2364 post
1149 2280 1320 2359 meridiem,
1344 2295 1411 2345 tum

124 2385 219 2448 maris
233 2387 370 2450 maxima
392 2387 523 2450 elevatio
545 2395 602 2450 tn
622 2388 752 2451 minutis
767 2400 837 2450 ante
857 2386 1017 2450 meridiem
1032 2389 1161 2452 eveniet.
1208 2389 1292 2452 Haec
1307 2370 1416 2452 autem¹

124 2507 281 2559 momenta
295 2494 524 2560 accuratissimd
539 2508 777 2582 cognoscentur,
801 2495 827 2558 si
847 2494 888 2558 ad
903 2494 1041 2580 singulos
1056 2495 1122 2558 dics
1137 2496 1284 2559 transitus
1309 2497 1411 2560 Lunae

121 2626 180 2688 per
194 2604 400 2668 meridianum
415 2617 653 2688 computentur3
676 2627 712 2667 ac
727 2617 878 2687 praeterea
893 2617 955 2666 tam
970 2617 1056 2666 ortus
1071 2601 1164 2688 qudm
1180 2625 1307 2668 occasus
1322 2618 1412 2669 note-

122 2721 183 2786 tur,
208 2711 325 2795 quippe
347 2709 461 2795 quibus
482 2709 647 2773 momentis
669 2707 806 2772 maxima
825 2729 915 2792 aquae
930 2706 1089 2791 depressio
1105 2707 1291 2792 respondet3
1314 2709 1412 2794 majo·

121 2839 189 2881 rem
214 2833 319 2882 sutem
342 2817 523 2903 hujusmodi
548 2818 653 2882 tabula
678 2817 786 2880 afferet
811 2816 985 2894 utilitatem,
1013 2818 1038 2881 si
1064 2818 1192 2902 insuper
1220 2819 1330 2903 quovis
1359 2818 1412 2881 die

122 2927 269 2991 distantia
283 2927 385 2991 Lunae
400 2950 419 2990 a
434 2925 535 2992 Terra
557 2925 732 3001 inducetur,
749 2923 864 3011 quippe
880 2947 899 2988 a
913 2923 973 3014 qui
991 2925 1092 2990 Lunae
1107 2921 1235 2996 effectus
1250 2923 1412 3012 praecipud

124 3034 249 3117 pendet.
1181 3054 1184 3060 ’

166 3149 190 3222 §.
207 3151 260 3206 60.
285 3143 474 3229 Congruunt
496 3142 564 3206 haec
581 3145 648 3228 jam
663 3143 803 3227 apprime
819 3165 891 3206 cum
905 3145 1185 3220 observationibus,
1210 3144 1322 3229 quibus
1338 3165 1413 3208 con·

127 3263 197 3329 stat,
214 3251 324 3316 diebus
337 3251 488 3314 novilunii
502 3250 552 3315 vel
573 3251 736 3335 plenilunii
757 3265 867 3314 aestum
882 3251 977 3314 maris
992 3251 1157 3315 accelerari
1173 3252 1198 3313 si
1209 3249 1414 3313 'novilunium

124 3359 370 3444 pleniluniumve
391 3372 464 3443 post
486 3358 648 3422 meridiem
673 3357 802 3433 accidat,
828 3355 937 3420 coutrd
956 3355 1031 3418 verb
1053 3355 1214 3420 retardari.
1261 3355 1413 3430 Quamvis

123 3470 208 3532 enim
223 3469 265 3531 ob
287 3487 376 3553 aquae
397 3468 541 3531 inertiam
562 3467 700 3531 maxima
721 3466 816 3529 maris
836 3464 967 3530 elevatio
987 3487 1051 3528 uon
1066 3464 1255 3548 respondeat
1268 3464 1415 3550 appulsui

123 3577 225 3638 Lunoe
241 3574 281 3638 ad
295 3571 512 3650 meridianum,
529 3573 583 3636 sed
599 3573 720 3636 tardids
735 3573 865 3648 eveniat,
878 3572 923 3635 uti
937 3584 1010 3655 post
1024 3569 1197 3650 docebitur,
1213 3583 1316 3636 tamen
1329 3572 1414 3636 simi·

123 3684 203 3749 libus
219 3685 343 3748 casibus
358 3683 519 3769 aequaliter
534 3681 759 3756 retardabitur3
782 3703 842 3764 pro
856 3680 990 3745 termino
1004 3681 1101 3766 igitur
1115 3679 1190 3758 fixo,
1208 3681 1234 3744 si
1252 3680 1294 3744 ed
1308 3681 1414 3744 obser·

124 3797 261 3859 vationes
276 3795 470 3879 respiciatur,
487 3815 551 3856 non
567 3795 647 3857 sumi
662 3792 755 3858 debet
769 3807 962 3866 momentum
977 3781 1128 3870 meridiei,
1145 3793 1200 3858 sed
1222 3794 1254 3858 id
1274 3797 1414 3858 momen·

124 3913 202 3977 tum,
226 3923 288 3986 quo
310 3903 337 3965 si
360 3902 462 3966 Lunae
478 3923 550 3965 cum
568 3901 641 3965 Sole
657 3903 835 3985 conjunctio
849 3902 899 3964 vel
914 3902 1068 3984 oppositio
1086 3903 1119 3964 in
1132 3903 1236 3988 ipsum
1250 3902 1414 3966 meridiem

125 4011 245 4088 incidit,
270 4035 388 4078 summa
411 4037 502 4099 aquoe
524 4013 654 4078 elevatio
676 4015 866 4078 observatur.
913 4013 989 4075 Hoc
1010 4013 1106 4098 igitur
1120 4025 1280 4078 momento
1294 4025 1412 4090 notato,

125 4122 171 4184 uti
186 4121 226 4183 ab
242 4120 278 4182 iis
294 4121 348 4205 qui
360 4119 540 4205 hujusmodi
555 4119 787 4184 observationes
802 4118 968 4182 instituunt
982 4117 1051 4180 fleri
1065 4118 1152 4196 solet,
1167 4121 1193 4182 si
1208 4115 1414 4204 pledilunium

125 4226 359 4306 noviluniumve
381 4226 430 4290 vel
452 4239 523 4290 ente
545 4225 596 4289 vel
617 4236 690 4310 post
712 4225 873 4288 meridiem
894 4223 1021 4302 incidat,
1037 4245 1160 4288 sumum
1173 4225 1273 4289 maris
1283 4227 1414 4292 elevatio
1527 4233 1532 4248 “

126 4333 176 4396 vel
198 4329 317 4396 tardids
339 4331 389 4392 vel
411 4330 500 4394 citids
522 4333 700 4417 continget:
725 4343 756 4396 et
771 4331 898 4415 quidem
913 4331 1038 4418 syzygia
1052 4351 1161 4394 seran
1177 4332 1262 4398 horis
1276 4335 1325 4396 vel
1341 4347 1414 4404 ante

124 4440 287 4506 meridiem
309 4438 432 4502 eveniat
453 4440 511 4503 vel'
522 4453 604 4524 post,
629 4453 694 4504 tum
710 4441 814 4504 fluxus
837 4448 894 4504 tn
916 4441 1044 4504 minutis
1059 4442 1108 4506 vel
1123 4443 1242 4514 tardids
1256 4445 1306 4508 vel
1323 4443 1413 4508 citids

125 4547 284 4618 observari
305 4545 440 4609 debebit
487 4547 591 4630 Atque
605 4546 674 4610 haec
689 4561 787 4610 estes
809 4547 877 4634 ipsa
891 4547 999 4633 regula
1014 4569 1107 4637 quam
1122 4547 1219 4613 celeb.
1237 4549 1358 4614 Cassini
1381 4552 1413 4618 iu

128 4657 225 4720 Mem.
242 4651 424 4717 Academias
449 4651 558 4736 Regiae
579 4675 638 4734 pro
656 4675 706 4716 arr.
727 4659 819 4730 1710,
842 4676 883 4715 ex
898 4651 1133 4738 quamplurimis
1148 4653 1413 4720 observationibus

126 4767 208 4830 inter
230 4787 263 4828 se
285 4762 473 4846 comparatis
496 4760 662 4836 derivavit3
681 4761 910 4845 jubetscilicet
932 4781 1097 4826 numerum
1118 4761 1276 4841 horarum,
1301 4765 1413 4850 quibus

744 4869 768 4916 X
787 4873 803 4915 2
