3568 5872
323 528 370 580 xx
788 485 1121 560 INTRODUCTIO
1463 478 1562 560 [Cin.
1581 475 1608 542 I.

286 669 288 676 ’
327 681 509 766 diosnnque
532 688 560 740 11
580 697 597 740 r
617 696 639 736 c
656 671 776 758 primus
789 666 990 750 meridianus,
1005 673 1037 727 et
1049 661 1111 726 loci
1124 655 1259 744 cujusvis
1273 651 1399 720 aloitus
1413 671 1431 714 z
1444 649 1609 738 longitudo

327 789 447 853 dicetur
468 779 634 870 oequstoris
656 797 746 842 anons
761 796 778 838 r
792 795 821 838 ω
834 773 915 838 inter
928 767 1137 834 meridianum
1151 763 1288 850 primum
1308 771 1338 822 Π
1351 778 1368 821 r
1381 782 1402 818 π
1418 766 1451 821 et
1464 753 1610 820 meridia·

327 917 404 962 num
418 917 436 956 z
449 913 479 956 oe
491 915 513 953 π
526 913 548 978 q
561 888 622 954 loci
635 909 653 951 z
667 885 855 968 interceptus
868 876 962 966 ntqud
976 875 1017 940 nb
1030 895 1144 940 occssu
1158 870 1199 935 sd
1211 879 1316 933 ortum
1330 873 1522 928 numeratus

371 1011 423 1068 nt.
448 1001 483 1066 Si
502 1019 560 1086 per
581 991 848 1084 trigonometrinm
868 994 1066 1052 mensuretur
1087 977 1235 1044 distantia
1255 971 1449 1038 nlduorum
1467 968 1609 1032 iocorum

330 1135 347 1177 π
369 1121 400 1174 et
420 1108 432 1173 l
454 1107 512 1172 sub
525 1105 637 1170 eodem
657 1099 831 1168 meridiano
853 1097 984 1162 sitorum
997 1104 1104 1176 stopo
1118 1082 1299 1175 quadrantis
1321 1078 1430 1146 circuli
1443 1095 1484 1142 ex
1498 1074 1609 1140 iisdem

331 1217 408 1284 locis
429 1217 631 1282 observentur
652 1208 807 1276 distantioe
823 1207 846 1272 S
864 1203 937 1270 Zet
952 1202 976 1268 S
990 1201 1032 1278 V,
1047 1196 1146 1264 sullae
1159 1195 1234 1260 fixae
1250 1191 1273 1260 S
1287 1213 1307 1256 s
1324 1189 1467 1258 locorum
1486 1183 1610 1250 vertici·

344 3429 402 3494 bus
427 3427 500 3492 Zet
514 3427 555 3504 V,
572 3426 696 3490 dabitin
719 3423 836 3489 telluris
852 3421 1077 3488 semidinmstsr
1092 3443 1109 3485 n
1124 3421 1165 3486 T.
1213 3421 1296 3486 Nam
1310 3417 1391 3484 datis
1404 3419 1538 3486 arcubus
1555 3415 1624 3487 SV

348 3546 380 3597 et
396 3533 419 3596 S
435 3529 471 3608 Z,
487 3530 611 3594 dubitur
626 3551 735 3596 eorum
750 3527 925 3594 differentis
939 3527 989 3592 vel
1003 3549 1126 3592 summa
1139 3526 1171 3590 V
1187 3525 1223 3604 Z,
1239 3538 1270 3591 et
1283 3522 1357 3590 hino
1370 3525 1463 3590 datur
1477 3548 1567 3590 arcus
1580 3525 1624 3589 lz

348 3638 401 3726 qui
416 3637 502 3702 arcui
517 3637 548 3702 V
564 3636 590 3700 Z
605 3637 712 3700 similis
734 3648 789 3700 est.
834 3633 943 3712 Quart
958 3657 1015 3720 per
1029 3635 1258 3700 observationes
1271 3635 1493 3700 astronomicas
1513 3645 1624 3698 notum

348 3747 407 3810 erit
428 3755 505 3832 quot
525 3744 641 3832 gradus
662 3743 712 3806 vel
733 3742 853 3806 minuta
867 3741 900 3806 in
915 3763 989 3806 arcu
1004 3741 1016 3804 l
1029 3764 1047 3806 z
1061 3741 1285 3820 continuantur,
1309 3754 1342 3808 et
1361 3764 1418 3827 per
1434 3741 1624 3828 trigonome-

348 3853 443 3917 tricas
457 3873 619 3915 mensuras
642 3848 781 3934 ejusdem
802 3845 893 3914 arcius
914 3847 1079 3936 longitudo
1097 3847 1266 3934 hexapedis
1280 3849 1329 3914 vel
1343 3848 1475 3934 pedibus
1489 3861 1543 3914 sut
1556 3849 1623 3916 niiis

347 3958 501 4024 mensuris
515 3958 597 4022 notis
611 3957 685 4022 duta
698 3959 767 4036 erit,
782 3971 814 4023 et
828 3957 901 4022 indd
915 3957 1077 4024 inferendo
1086 3970 1123 4024 ut
1135 3979 1283 4024 numerus
1296 3960 1489 4024 minutorum
1502 3960 1535 4024 in
1548 3981 1624 4024 arcu

346 4064 390 4128 lz
413 4073 631 4130 contentorum
653 4063 694 4126 sd
717 4071 796 4128 860⁰
812 4086 869 4128 seu
882 4064 923 4129 sd
937 4069 1062 4143 21600‘,
1077 4062 1122 4130 itt
1133 4064 1297 4152 longitudo
1311 4065 1323 4129 l
1336 4089 1354 4132 z
1369 4065 1522 4132 mensuris
1542 4065 1625 4132 notis

348 4193 498 4258 expressa
511 4171 553 4237 ud
567 4171 718 4236 circulum
732 4173 851 4240 telluris
864 4175 1047 4256 maximum,
1062 4174 1186 4242 dabitur
1199 4174 1252 4242 hio
1264 4175 1399 4242 &nitius
1410 4193 1452 4244 ex
1461 4197 1526 4264 qno
1539 4175 1627 4244 invo-

348 4276 451 4343 nietur
465 4275 690 4344 semidimeto·
704 4301 722 4344 z
736 4278 777 4345 T.
