3564 5864
430 605 436 618 υ
487 501 676 572 FLUXUS
699 505 760 568 AC
785 505 1037 574 REFLUXUS
1060 507 1218 572 MARIS.
1427 517 1489 576 249

212 669 316 734 motts
330 672 490 759 vertiginis
511 684 543 735 et
562 671 713 756 periodici
735 685 846 736 oestum
859 675 952 736 maris
966 677 1120 758 proficisci
1137 691 1183 742 est
1197 678 1373 754 arbitratus,
1396 677 1490 764 qudm

169 825 172 834 ·
210 802 252 844 ex
273 795 360 845 motu
375 805 561 868 quocunque
581 782 778 868 progressivo
793 782 857 846 sive
876 783 1034 847 rectilineo
1050 788 1114 852 sive
1128 786 1306 862 curvilinco,
1330 787 1357 850 si
1378 787 1489 852 iseum

209 901 297 951 motu
312 890 460 952 rotatorio
475 889 676 952 combinetur.

252 999 275 1076 §.
292 1003 322 1056 4.
345 986 533 1080 Quanquaiui
547 1007 650 1060 autem
664 1005 767 1058 motus
783 993 892 1058 Terra
907 993 1084 1078 periodicus
1097 995 1180 1058 circa
1196 994 1302 1058 Solem
1316 1015 1386 1058 cum
1400 1008 1488 1062 motu

208 1101 358 1166 rotatorio
372 1104 454 1166 circa
469 1125 559 1172 axem
574 1105 757 1188 conjunctus
772 1102 892 1166 nullum
907 1104 940 1166 in
954 1104 1033 1166 mari
1046 1114 1167 1166 motum
1181 1103 1375 1186 reciprocum
1392 1127 1487 1191 gene·

207 1230 277 1272 rare
297 1208 386 1286 valet,
410 1220 513 1273 tamen
533 1231 628 1287 mare,
652 1209 784 1294 quodsi
806 1220 908 1272 motus
929 1221 1010 1271 esset
1030 1208 1189 1294 aequcbilis
1211 1210 1243 1270 in
1267 1207 1429 1287 directum,
1453 1213 1487 1277 in

207 1318 310 1402 quiete
330 1319 518 1402 persisteret,
542 1301 734 1402 aliqudntdm
756 1316 874 1379 turbari
896 1314 1029 1378 debebit.
1075 1313 1172 1388 Quod
1193 1314 1219 1376 si
1240 1327 1344 1377 autem
1363 1314 1403 1378 ad
1422 1318 1486 1382 vim

205 1423 264 1510 qui
290 1423 391 1488 Terra
410 1425 445 1488 in
466 1421 566 1486 orbiti
590 1421 645 1486 susi
668 1423 843 1486 continetur
857 1421 1061 1498 attendamus,
1084 1443 1148 1504 non
1163 1419 1326 1484 difficulter
1340 1425 1485 1488 mutatio·

202 1555 285 1610 nem,
308 1554 402 1619 quam
424 1553 509 1594 mare
527 1532 568 1594 ab
582 1553 619 1595 ec
637 1531 781 1616 patietur,
804 1529 949 1617 colligere
967 1531 1147 1615 poterimus.
1192 1529 1276 1594 Nam
1290 1529 1362 1596 crim
1376 1546 1480 1617 partes

204 1642 316 1708 Terrae
337 1665 356 1704 a
380 1641 452 1708 Sole
473 1641 654 1706 remotiores
676 1641 790 1706 minori
812 1641 852 1717 vi,
873 1641 1036 1726 propiores
1051 1639 1124 1704 verb
1137 1642 1247 1726 majori
1268 1641 1481 1720 sollicitentur,

202 1750 266 1814 illoe
280 1749 321 1813 ad
335 1750 434 1835 majus
449 1761 571 1832 ternpus
585 1748 789 1833 periodicnm,
804 1747 855 1812 hae
873 1747 947 1812 verb
961 1749 1001 1814 ad
1016 1749 1117 1814 minus
1132 1750 1355 1816 absolvendum
1369 1773 1484 1838 cogen-

203 1869 265 1934 tur,
289 1879 329 1921 ex
351 1879 413 1942 quo
433 1856 572 1940 partibus
595 1855 705 1919 Terrae
727 1855 839 1931 fluidis,
862 1855 985 1939 utpote
999 1857 1174 1933 mobilibus,
1190 1870 1294 1920 motus
1309 1859 1348 1922 cb
1363 1859 1486 1930 oriente,

201 1962 308 2030 versds
329 1965 522 2030 occidentem
544 1963 715 2030 secunddm
730 1964 903 2050 eclipticam
925 1965 1099 2044 inducetur,
1121 1965 1263 2052 hancque
1286 1990 1390 2036 veram
1415 1993 1483 2036 esse

202 2093 328 2136 causam
349 2071 493 2139 existimo
514 2094 550 2136 ec
571 2073 761 2156 praecipuam
775 2094 832 2136 cur
849 2085 913 2136 tam
928 2093 1062 2136 oceanus
1077 2071 1169 2158 qudm
1185 2076 1238 2136 abr
1254 2073 1312 2136 sub
1325 2089 1484 2160 aequatore

200 2183 352 2269 perpetuo
373 2184 486 2249 hebeat
507 2186 628 2250 fluxum
650 2185 690 2250 ab
710 2197 782 2249 ortu
801 2182 908 2251 versirs
923 2205 1078 2250 occasum.
1124 2183 1253 2249 Possem
1268 2183 1359 2246 etiam
1375 2206 1415 2247 ex
1430 2207 1482 2250 eo-

201 2293 272 2357 dem
286 2292 441 2378 principio
455 2293 537 2358 clere
552 2293 716 2358 ostendere
730 2305 795 2358 tem
809 2293 915 2368 maris,
937 2293 964 2356 si
986 2289 1114 2355 omnini)
1129 2290 1262 2354 liberum
1276 2302 1366 2366 esset,
1389 2290 1480 2375 quim

202 2403 282 2466 airis
311 2401 498 2468 celeritatem
527 2415 644 2468 tantem
673 2403 750 2480 fore,
787 2403 847 2488 qui
877 2414 1016 2486 tempore
1045 2401 1303 2488 viginti-quatuor
1332 2400 1487 2464 horarum.

202 2509 336 2595 spatimn
359 2510 480 2573 circiter
500 2510 610 2596 viginti
630 2510 786 2596 graduum
807 2509 1004 2584 absolvatur3
1027 2508 1082 2574 sed
1097 2507 1169 2572 etim
1185 2507 1254 2570 haec
1268 2508 1427 2592 inquisitio
1441 2507 1485 2578 ad

198 2627 383 2701 praesentem
406 2616 611 2701 quaestionem
636 2615 763 2701 proprie
784 2637 849 2680 non
874 2616 1037 2699 pertineat,
1059 2627 1152 2700 atque
1176 2613 1291 2699 inclyta
1314 2613 1485 2684 Academia-

197 2725 327 2790 fortcsse
348 2727 407 2790 alisi
431 2729 592 2792 occasione
607 2727 793 2812 questiones
808 2723 871 2790 hirc
887 2737 1060 2809 spectantes
1075 2725 1115 2788 sit
1128 2723 1335 2808 propositum,
1358 2722 1488 2792 uberte.

197 2854 264 2896 rem
285 2833 525 2918 explicationem
545 2834 637 2918 hujus
659 2833 788 2920 insignis
810 2831 1010 2916 phaenomeni
1030 2829 1068 2896 eb
1084 2852 1182 2914 usque
1198 2827 1401 2898 differendam
1415 2850 1482 2896 ease

197 2961 358 3003 censemus
366 2964 376 3015 ;
398 2940 460 3005 hoc
474 2939 600 3028 quidem
614 2951 754 3023 tempore
768 2936 890 3002 tantdm
904 2937 1056 3001 indicasse
1071 2935 1218 3012 contenti,
1234 2945 1354 2998 motum
1370 2934 1486 3006 Terras,

197 3044 388 3126 periodicnm
404 3047 592 3130 conjunctim
607 3068 678 3110 curn
694 3057 780 3110 motu
795 3045 908 3110 diurno
923 3046 1001 3109 mari
1015 3056 1136 3110 motum
1150 3043 1284 3128 aliquem
1299 3043 1478 3126 imprimere

198 3171 299 3233 posse,
316 3151 371 3214 sed
385 3154 565 3237 neutiquam
579 3165 698 3216 motum
713 3152 916 3234 reciprocum,
940 3153 986 3215 uti
1001 3151 1142 3216 Galileus
1157 3162 1204 3214 est
1218 3151 1394 3214 arbitratus.

240 3266 265 3340 ᾗ.
281 3267 312 3324 5.
337 3261 395 3325 Uti
419 3261 451 3322 in
473 3261 617 3323 omnibus
631 3259 759 3322 omnini>
774 3258 996 3344 quaestionibus
1018 3257 1153 3344 physicis
1168 3255 1268 3322 multir
1283 3257 1403 3322 facilins
1420 3269 1477 3336 est,

197 3386 268 3450 quae
289 3387 354 3430 non
377 3367 417 3430 sit
437 3389 530 3430 causa
550 3365 750 3450 phaenomeni
772 3363 943 3450 cujuspiam
965 3363 1070 3440 oblati,
1094 3361 1187 3448 quaim
1209 3383 1280 3449 quae
1301 3363 1349 3439 sit,
1374 3375 1477 3428 osten·

196 3471 291 3546 dere3
313 3470 357 3550 ite
370 3472 462 3534 etism
477 3493 617 3556 prresens
631 3471 760 3557 quaestio
774 3469 814 3534 de
828 3470 917 3534 fluxu
930 3491 967 3532 ac
981 3467 1104 3532 refluxu
1118 3469 1212 3532 maris
1227 3480 1274 3532 est
1288 3480 1476 3552 comparata,

196 3590 317 3644 utnon
338 3577 502 3642 difficulter
524 3601 630 3643 causas
645 3577 723 3642 falsi)
745 3577 915 3664 assignatas
936 3576 1089 3661 possimus
1111 3573 1261 3641 refellere.
1306 3575 1356 3640 Ac
1375 3573 1478 3659 primd

196 3689 319 3774 quidem
335 3703 407 3772 post
422 3711 558 3753 eversam
575 3689 690 3755 Galilei
704 3690 896 3766 sententiam,
910 3687 1075 3776 explicatio
1085 3685 1178 3750 aesttis
1189 3687 1282 3750 maris
1296 3687 1477 3750 Cartesianc

195 3801 347 3881 pressioni
369 3801 472 3864 Lunoe
497 3801 605 3864 innixa
629 3813 677 3864 tot
702 3801 856 3886 tantisque
879 3798 1002 3863 laboret
1026 3797 1267 3873 difficultatibus,
1293 3810 1328 3861 ut
1350 3793 1478 3860 omnino
1561 3866 1563 3874 ,

198 3905 361 3972 subsistere
382 3919 524 3994 nequeat.
570 3905 783 3995 Praeterqmim
804 3909 889 3972 enim
909 3906 994 3994 qubd
1017 3905 1191 3972 istiusmodi
1211 3906 1332 3990 pressio
1352 3904 1477 3968 aliunde

195 4013 323 4096 probari
334 4028 477 4102 nequeat,
498 4029 591 4102 atque
606 4017 647 4081 cd
660 4015 723 4081 boc
736 4017 838 4081 solum
852 4015 1089 4102 .phaenomenon
1104 4015 1325 4100 explicandum
1339 4011 1476 4101 gratuiti)

197 4135 380 4200 assumatur,
402 4126 669 4190 observationibus
692 4127 783 4190 etiam
805 4125 931 4190 minime
954 4125 1109 4189 satisfacit
1156 4126 1195 4189 ln
1214 4137 1323 4210 aperto
1341 4124 1425 4187 enim
1439 4145 1476 4186 ac

194 4227 295 4293 libero
316 4251 433 4294 oceano
453 4254 566 4317 aquam
580 4255 656 4296 mox
676 4249 749 4316 post
762 4233 926 4297 transitum
948 4231 1049 4296 Lunae
1069 4253 1127 4316 per
1141 4232 1348 4295 meridianum
1362 4230 1475 4294 elevari

195 4337 404 4416 observamus,
425 4339 498 4403 edm
519 4339 691 4406 secunddm
707 4339 839 4404 Certesii
861 4340 1044 4404 sententiam
1060 4339 1171 4404 eodem
1186 4351 1326 4422 tempore
1340 4334 1475 4422 deprimi

194 4443 342 4520 deberet3
364 4467 465 4530 neque
486 4445 636 4530 praetered
657 4446 718 4510 hoc
739 4447 834 4510 modo
849 4447 921 4510 satis
936 4443 1080 4510 distincte
1094 4446 1278 4530 explicatur,
1301 4464 1357 4507 cur
1379 4443 1474 4508 Luna

170 4556 171 4559 ’
193 4554 251 4618 sub
267 4554 366 4618 Tetri
389 4554 486 4618 latens
501 4557 635 4622 eundem
649 4556 713 4621 sere
728 4555 871 4622 effectum
885 4569 1001 4632 exerat,
1025 4577 1062 4618 cc
1076 4555 1101 4618 si
1120 4575 1214 4638 super
1228 4551 1389 4616 horizonte
1403 4573 1475 4615 ver·

194 4677 288 4728 setur.
333 4659 459 4728 Deinde
481 4663 541 4726 hoc
561 4663 644 4728 idem
665 4665 825 4752 negotium
845 4683 908 4726 non
929 4661 1059 4726 feliciori
1080 4683 1223 4726 successu
1245 4669 1475 4748 aggressusest

194 4771 368 4844 Wollisius.
385 4793 510 4836 causam
524 4771 556 4835 in
567 4773 724 4836 communi
738 4785 845 4838 centro
859 4771 1019 4858 gravitatis
1033 4769 1145 4834 Terre
1159 4779 1190 4834 et
1205 4767 1306 4832 Lunoe
1317 4785 1470 4854 quoerens,
