3516 5870
344 465 406 523 382
593 455 860 536 INQUlSlTIO
883 455 1087 522 PHYSICA
1110 453 1162 520 IN
1184 439 1380 522 CAUSAM

338 642 458 708 aestum,
474 651 607 716 quorum
621 631 709 709 alter,
726 633 780 719 qui
794 629 922 718 quidem
934 629 1028 718 longe
1043 640 1090 694 est
1104 629 1216 707 minor,
1232 651 1291 714 per
1306 629 1435 694 Fretum
1452 627 1629 706 Gallicum,

338 739 416 804 alter
438 737 520 802 circa
544 739 680 804 Scotiam
702 739 867 804 advehitur
888 761 928 803 ex
949 738 1061 803 eodem
1077 737 1208 802 Oceano
1221 737 1398 804 Atlantico:
1428 739 1471 803 ita
1492 752 1630 824 propter

336 843 526 928 singularem
551 843 691 910 littorum
716 845 924 932 quorumdam
949 845 1042 908 situm
1067 843 1221 908 mirabilia
1248 844 1456 929 phaenomena
1484 847 1518 908 in
1543 858 1626 910 astu

292 1012 295 1027 ,
335 951 429 1016 maris
445 951 567 1016 evenire
580 964 723 1037 possunt.
762 951 859 1027 Qudd
874 951 900 1015 si
914 953 999 1016 enim
1013 952 1099 1016 litun
1115 951 1283 1038 quodpiam
1297 952 1342 1018 ita
1351 952 1445 1018 buerit
1458 973 1625 1037 compara·

310 1111 314 1127 ,
334 1070 411 1134 tum,
428 1067 464 1120 ut
477 1067 571 1122 aestus
587 1056 619 1120 in
634 1057 668 1120 id
681 1057 800 1141 duplici
814 1057 864 1122 vit
879 1057 928 1122 vel
943 1079 984 1121 ex
998 1057 1109 1123 eodem
1124 1079 1251 1136 oceano,
1270 1058 1318 1121 vel
1333 1079 1374 1122 ex
1388 1058 1519 1122 diversis
1533 1081 1625 1122 oom-

333 1165 518 1244 municetur,
542 1167 662 1232 ratione
684 1167 843 1252 temporie,
867 1189 930 1254 quo
943 1167 1008 1232 bini
1028 1168 1081 1232 isti
1095 1180 1189 1232 aestus
1203 1166 1380 1244 adveniunt,
1403 1166 1542 1254 insignes
1556 1168 1622 1232 dis-

332 1273 500 1356 crepantia
514 1275 590 1339 oriri
603 1285 761 1359 poterunt.
807 1275 931 1340 Namsi
945 1297 1002 1360 per
1017 1286 1179 1361 utrunque
1194 1275 1277 1338 viam
1290 1274 1392 1340 fluxus
1413 1275 1527 1340 eodem
1540 1286 1622 1339 tenr-
1727 1319 1728 1324 κ

330 1404 409 1468 pore
424 1382 605 1462 advehatur,
622 1396 716 1470 atque
730 1383 810 1448 adeo
832 1384 926 1450 simul
944 1383 1081 1448 refluxus
1096 1396 1280 1472 congruant,
1299 1395 1393 1448 aestus
1405 1384 1505 1447 multo
1521 1386 1619 1469 majo-

330 1513 380 1558 res
403 1491 536 1558 existere
560 1491 729 1557 debebunt.
756 1493 833 1558 ,Sin
855 1505 960 1558 autem
985 1515 1024 1558 eo
1037 1503 1189 1578 tempore,
1216 1514 1279 1578 quo
1302 1513 1361 1577 per
1385 1491 1513 1557 alteram
1535 1491 1618 1556 viam

328 1599 432 1665 fluxus
447 1600 582 1677 advenit,
604 1621 644 1664 ex
660 1599 755 1666 altari
770 1601 820 1664 via
835 1601 974 1666 refluxus
988 1599 1113 1677 ineidat,
1136 1612 1205 1664 tum
1221 1610 1315 1663 astus
1334 1599 1461 1662 omnino
1476 1598 1617 1662 destrue·

328 1717 381 1769 tur
402 1705 428 1768 si
449 1705 577 1790 quidem
597 1727 656 1789 per
677 1718 842 1792 utramque
861 1708 943 1770 viem
960 1727 1042 1792 aqua
1055 1705 1215 1792 aqualiter
1229 1705 1277 1769 vel
1300 1703 1407 1768 affluat
1419 1704 1467 1768 vel
1490 1704 1617 1770 defluat.

328 1810 381 1876 Ad
403 1811 465 1876 hoc
485 1809 560 1875 verb
574 1829 639 1875 non
653 1811 766 1877 sufficit
779 1813 880 1876 arubae
894 1813 953 1876 viae
967 1812 1029 1876 sint
1044 1811 1189 1898 aequales,
1211 1811 1267 1876 sed
1282 1811 1375 1875 etiam
1390 1809 1557 1896 requiritur
1582 1825 1617 1875 ut

326 1919 393 1984 bini
408 1933 502 1986 aestua
517 1923 681 1986 successivi
696 1924 759 1988 sint
772 1922 917 2008 aequales,
934 1920 967 1986 id
982 1921 1067 2012 quod
1081 1921 1183 1986 evenit
1198 1921 1224 1985 si
1246 1921 1340 1985 Luna
1353 1919 1403 1983 vel
1422 1941 1486 1984 non
1500 1919 1617 1985 habeat

325 2027 576 2108 declinationem,
599 2029 649 2094 vel
670 2030 756 2094 littus
774 2031 806 2094 in
821 2041 979 2116 mquatore
994 2028 1087 2093 fucrit
1100 2029 1246 2113 positum.
1291 2025 1388 2102 Qubd
1403 2026 1429 2090 si
1443 2039 1547 2090 autern
1563 2027 1616 2092 eri·

325 2135 398 2202 dem
413 2137 531 2222 duplici
561 2140 842 2204 communicatione
872 2139 986 2223 positi,
1017 2149 1082 2204 tem
1107 2137 1200 2204 Luna
1224 2138 1339 2202 habeat
1363 2137 1614 2214 declinationem,

324 2245 418 2332 quim
443 2245 530 2312 littus
555 2247 733 2314 notabiliter
758 2247 799 2312 ab
825 2259 984 2334 aequatore
1006 2248 1046 2312 sit
1067 2260 1197 2326 motum,
1220 2260 1288 2312 turn
1309 2247 1351 2311 ob
1372 2245 1614 2332 inaequalitatem

325 2351 473 2418 binorum
494 2365 628 2418 aestuum
644 2377 710 2419 sese
725 2355 964 2440 insequentium,
987 2355 1094 2420 fluxus
1108 2357 1241 2442 majores
1257 2377 1297 2420 ex
1312 2354 1408 2419 alteri
1423 2355 1472 2420 via
1487 2355 1614 2420 adverri-

323 2473 420 2538 entes,
449 2461 641 2545 superabunt
664 2461 803 2526 refluxus
827 2445 968 2526 minores
990 2463 1102 2528 eodem
1128 2475 1268 2548 tempore
1292 2483 1351 2546 per
1376 2462 1505 2527 alteram
1522 2463 1612 2530 ,viam

322 2567 432 2646 factos,
449 2580 543 2655 atque
558 2568 620 2634 hoc
634 2571 731 2636 modo
746 2571 779 2636 in
793 2571 848 2636 tali
869 2571 974 2636 littore
990 2571 1120 2659 singulis
1136 2573 1247 2637 diebus
1261 2593 1326 2636 non
1339 2571 1405 2636 bini
1419 2572 1532 2648 fluxus,
1555 2571 1611 2634 sed

324 2699 406 2741 unus
428 2692 551 2744 tantum
572 2681 712 2758 accidet3
738 2681 882 2767 hancque
903 2683 1056 2746 rationem
1077 2683 1191 2772 allegat
1214 2685 1385 2748 Nentonus
1410 2681 1503 2746 astes
1527 2679 1610 2744 illius

325 2767 491 2871 singuurls
515 2789 680 2872 Tunquini
701 2792 867 2867 observati,
883 2791 938 2854 ubi
960 2793 986 2854 si
1007 2792 1099 2856 Luna
1113 2795 1146 2855 in
1162 2807 1321 2878 aequatorc
1335 2803 1479 2868 versatur,
1501 2790 1605 2853 nullus

320 2905 415 2958 asma
437 2893 692 2980 deprehenditur,
716 2897 764 2961 sin
786 2911 891 2961 autem
909 2899 1003 2962 Luna
1016 2899 1131 2964 habeat
1145 2901 1394 2978 declinationem,
1415 2897 1522 2962 unicus
1535 2909 1606 2961 tan-

320 3013 389 3064 turn
410 2999 473 3068 un
496 2999 600 3066 Lunoe
619 3003 816 3067 revolutione
830 3005 914 3068 circa
930 3003 1073 3070 Terram.
1119 3005 1188 3070 Nos
1203 3019 1307 3072 autern
1320 3029 1397 3071 mox
1409 3002 1500 3090 hujus
1514 3005 1608 3066 mira-

319 3109 392 3176 bilis
415 3109 616 3194 phaenomeni
639 3109 732 3174 aliam
753 3111 853 3199 magis
877 3113 1052 3178 naturalem
1072 3127 1250 3203 nostraeque
1271 3117 1401 3181 theoriae
1420 3113 1606 3178 conformem

320 3216 531 3282 indicabimus
546 3237 681 3282 causam.

361 3333 385 3410 §.
405 3335 476 3392 118.
498 3325 665 3392 Hactenus
679 3337 792 3389 aestum
806 3327 910 3405 rueris,
928 3327 1191 3412 quemadmodum
1205 3330 1239 3394 in
1254 3331 1445 3416 amplissimo
1459 3349 1572 3394 oceano
1586 3349 1604 3390 a

319 3435 438 3501 viribus
458 3436 500 3499 ad
514 3435 640 3502 Lunam
654 3459 692 3500 ac
707 3437 814 3502 Solem
829 3437 1027 3503 tendentibus
1042 3440 1246 3523 producatur,
1262 3453 1355 3528 atque
1368 3443 1455 3505 vario
1469 3439 1604 3504 littorum

321 3543 384 3608 situ
413 3541 486 3609 crim
515 3545 636 3610 ratione
668 3545 847 3631 quantitatis
875 3543 944 3608 uim
973 3546 1190 3612 retardationis
1219 3547 1426 3613 diversimode
1454 3545 1601 3621 turbetur,

322 3671 429 3716 sumus
451 3653 663 3738 contemplati,
687 3673 790 3739 neque
804 3675 930 3718 necesse
945 3677 1011 3718 esse
1026 3655 1173 3721 duximus
1188 3669 1352 3722 ventorum
1366 3655 1522 3742 marisque
1539 3677 1606 3720 cur-
1727 3649 1728 3670 ¹

321 3780 412 3822 suurn
435 3757 637 3843 propriorum
656 3759 813 3824 rationem
839 3759 976 3825 habere:
1010 3760 1082 3827 crim
1108 3764 1180 3828 satis
1204 3785 1341 3849 pronum
1360 3766 1400 3830 sit
1420 3765 1605 3849 perspicere,

322 3867 481 3956 quomodo
502 3869 552 3934 his
574 3870 667 3934 rebus
689 3883 783 3936 aestus
797 3871 892 3937 maris
913 3885 977 3936 tam
992 3875 1099 3961 augeri
1113 3876 1164 3939 vel
1178 3873 1319 3954 diminui,
1336 3873 1430 3962 quim
1443 3873 1607 3940 accelerari

319 3979 370 4043 rel
389 3977 541 4042 retardari
563 3977 684 4042 debeat.
731 3979 878 4064 Superest
895 3980 992 4066 igitur
1010 3993 1047 4045 ut
1069 4003 1272 4066 exponamus,
1297 3983 1456 4069 quomodo
1478 3983 1509 4045 in
1531 3977 1607 4042 satis

320 4085 426 4170 amplo
447 4093 549 4148 tractu
569 4085 674 4162 maris,
698 4086 752 4170 qui
773 4084 813 4149 ab
828 4107 946 4150 oceano
960 4087 1010 4151 vel
1024 4089 1153 4152 omnino
1168 4102 1215 4154 est
1235 4092 1402 4174 sejunctus,
1418 4087 1467 4152 vel
1482 4107 1536 4172 per
1550 4107 1606 4149 an·
1727 4111 1728 4122 ¹

319 4207 449 4282 gustum
471 4189 593 4258 tannim
614 4193 755 4258 canalem
776 4197 969 4280 conjunctus,
992 4197 1158 4280 peculiaris
1172 4210 1265 4262 aestus
1282 4219 1300 4260 a
1315 4197 1432 4262 viribus
1455 4195 1555 4260 Lunae
1568 4215 1606 4256 ac
1727 4273 1728 4280 ἶ

322 4305 403 4372 Solis
426 4308 559 4392 produci
582 4321 684 4395 queat
732 4309 938 4394 Perspicuum
961 4311 1045 4373 enirn
1071 4324 1126 4390 est,
1153 4311 1179 4374 si
1202 4309 1272 4373 talis
1297 4319 1413 4374 tractus
1434 4301 1606 4372 secundulm

319 4410 548 4500 longitudinem
564 4416 646 4481 ultra
669 4425 711 4480 90
732 4415 849 4504 gradus
863 4428 978 4500 pateat,
1003 4427 1113 4480 aestunr
1128 4415 1196 4499 pari
1211 4415 1306 4479 modo
1322 4414 1464 4503 generari
1480 4413 1605 4489 debere,

324 4542 360 4584 ac
385 4522 418 4583 in
442 4526 632 4610 amplissimo
655 4548 781 4602 oceano,
807 4525 861 4612 qui
887 4537 985 4589 totam
1011 4525 1172 4588 Tellurem
1198 4525 1316 4589 ambire
1340 4525 1476 4609 ponitur.
1522 4521 1608 4586 Nem
1727 4545 1728 4548 ¹

319 4627 467 4714 quoniam
492 4633 631 4696 extensio
651 4645 736 4697 tanta
758 4646 814 4709 est,
838 4645 873 4697 ut
894 4633 974 4696 vires
1000 4633 1100 4696 Lunae
1122 4645 1153 4695 et
1176 4633 1257 4698 Solis
1278 4634 1312 4696 in
1334 4655 1373 4697 eo
1392 4643 1493 4698 tractu
1513 4631 1610 4694 simul

319 4737 487 4801 maximam
509 4761 546 4802 ac
566 4741 729 4807 minimam
751 4763 841 4827 aquae
867 4741 1063 4807 altitudinem
1086 4743 1234 4808 inducere
1257 4757 1380 4832 queant,
1404 4763 1535 4807 necesse
1562 4753 1611 4805 est
