3520 5884
485 1146 769 1226 EDITORIS
802 1145 1114 1227 MONITUM.

169 1465 436 1562 Immnxruus
459 1497 610 1584 quosdam
635 1493 772 1584 maligne
795 1495 993 1581 interpretari
1020 1492 1142 1558 notulas
1171 1513 1247 1578 quas
1276 1491 1444 1577 adjecimus

171 1601 410 1668 Commentariis
433 1603 461 1668 P
477 1603 513 1668 P.
530 1603 579 1668 Le
603 1604 682 1668 Seur
695 1615 727 1666 et
741 1603 896 1688 Jeoquier,
920 1601 1008 1688 quasi
1022 1601 1135 1685 saepius
1150 1597 1295 1664 Newtoni
1308 1611 1445 1664 mentem
1554 1625 1558 1634 ·

169 1731 233 1774 non
255 1711 444 1798 attigissent3
466 1732 507 1774 ne
526 1723 630 1774 autem
644 1710 718 1796 ipsis
733 1711 809 1774 vitio
822 1720 960 1774 vertatur
974 1707 1060 1794 qnod
1074 1717 1292 1772 concesserunt
1305 1706 1346 1770 ob
1359 1707 1444 1791 ipso-

169 1839 239 1882 rum
262 1819 433 1883 absentiam
456 1818 496 1882 ab
521 1819 599 1883 urbe
621 1819 654 1882 in
677 1817 738 1904 qui
763 1818 842 1882 liber
867 1817 1026 1894 edebatur,
1051 1827 1087 1880 nt
1106 1837 1219 1901 nempe
1240 1837 1445 1903 quaecumque

168 1923 347 1988 viderentur
369 1923 563 2011 corrigenda,
587 1923 626 1988 ab
642 1923 772 1988 Editore
786 1925 855 2008 ipso
868 1933 1072 1999 mutarentur,
1089 1922 1153 1986 sive
1166 1921 1246 1986 levia
1260 1921 1324 1985 sive
1337 1921 1445 2008 gravia

168 2027 279 2106 forent,
295 2029 486 2092 monendum
499 2041 587 2114 puto,
609 2051 661 2094 me
676 2029 833 2094 Automm
846 2029 1045 2114 deligentium
1059 2039 1091 2090 et
1104 2027 1278 2092 doctrinam
1292 2049 1445 2115 nusquam

169 2137 370 2214 desiderasse,
395 2137 600 2202 correctiones
622 2160 699 2224 ques
713 2137 773 2200 feci
785 2137 932 2201 levissimi
946 2159 1013 2200 esse
1031 2136 1191 2214 momenti,
1215 2159 1274 2200 nec
1288 2159 1355 2200 esse
1368 2137 1444 2200 taies

168 2253 205 2304 ut
224 2253 353 2326 propter
372 2243 455 2326 ipsas
470 2243 639 2330 quidquam
654 2266 694 2307 ex
708 2243 811 2307 debitd
827 2243 999 2311 autoribus
1013 2241 1112 2330 glorii
1128 2243 1254 2306 tollatiu
1269 2242 1353 2329 qnod
1366 2265 1446 2307 meae

169 2349 281 2433 opellae
305 2350 470 2428 tribuatur,
497 2363 528 2414 et
552 2352 699 2415 asterisco
723 2361 845 2420 notatas
868 2349 971 2428 fuisse,
997 2372 1062 2414 non
1091 2350 1176 2436 quod
1200 2350 1318 2436 aliquid
1345 2351 1446 2415 laudis

169 2463 283 2526 exinde
304 2463 501 2546 speraverim,
523 2463 580 2528 sed
595 2464 667 2549 quia
681 2463 708 2527 si
721 2463 785 2527 illic
798 2461 916 2549 aliquid
934 2462 1001 2528 vitii
1018 2461 1187 2547 irrepserit,
1211 2483 1335 2548 aeqnum
1351 2473 1447 2526 estut

169 2572 204 2634 in
219 2571 391 2648 Editorem,
416 2593 481 2635 non
494 2571 527 2636 in
542 2573 679 2638 Antores
694 2594 731 2635 ea
745 2570 838 2656 culpa
852 2569 1073 2646 transforatum
1095 2593 1136 2634 ne
1157 2569 1308 2636 similibus
1323 2568 1446 2633 cavilla-

169 2676 305 2741 tionibus
320 2675 441 2740 occasio
454 2676 487 2740 in
500 2689 661 2762 posterum
680 2677 780 2754 detur,
796 2675 873 2740 tales
888 2674 1094 2740 distinctionis
1108 2675 1225 2738 notuloe
1239 2697 1304 2738 non
1318 2673 1446 2738 adiube-

170 2783 287 2847 buntur
301 2783 335 2845 in
349 2783 484 2848 secundi
498 2783 591 2868 hujus
602 2781 779 2848 Voluminis
792 2792 891 2874 perte,
908 2781 941 2844 in
952 2780 1014 2867 qud
1030 2802 1188 2865 speramus
1203 2779 1337 2843 calculos
1349 2779 1447 2843 Nsw·

170 2913 337 2959 rourauos
358 2893 442 2958 circa
467 2893 592 2960 Lunam
615 2892 811 2980 potissimum
833 2890 908 2961 satis
929 2890 1097 2969 intricatos,
1127 2888 1161 2954 in
1182 2905 1321 2976 apertam
1344 2889 1446 2954 lucem

167 2999 349 3086 expositum
362 2997 410 3064 iri.
