3516 5870
328 483 394 554 260
579 473 847 556 INQUISlTIO
873 475 1078 549 PHYSICA
1101 476 1153 544 IN
1176 473 1372 548 ctUatM

327 657 553 732 comparem
577 657 613 712 ut
635 647 670 714 in
693 645 866 734 equalibus
886 647 970 714 eirca
989 657 1134 712 wau-um
1155 642 1506 712 mentun-materian
1525 640 1624 730 aqud

331 755 463 834 densam
484 752 633 832 includat,
658 753 760 828 Terra
772 775 899 840 quoque
912 753 1057 821 unimrsa
1075 753 1139 818 ttm
1155 775 1174 816 a
1190 753 1264 818 Sole
1278 750 1373 838 quim
1386 749 1511 820 alunt
1527 749 1622 835 eque

330 860 555 938 mllicinbitur,
577 881 616 925 ac
633 859 663 942 ,si
683 860 785 926 omnis
806 861 874 946 ejus
895 860 1025 926 matario
1046 859 1079 924 in
1099 869 1208 924 ceruro
1222 870 1305 924 esset
1320 853 1459 924 collecta.
1505 855 1619 932 Quan-

330 989 426 1055 quam
440 967 523 1032 enim
537 988 621 1032 nunc
635 966 762 1052 quidem
777 966 1014 1036 accuratissimis
1035 965 1076 1032 ab
1096 964 1306 1033 musnnsimt
1322 963 1495 1032 nummu
1518 961 1619 1052 Regiei

328 1076 476 1150 insututis
501 1075 618 1160 passim
642 1076 795 1141 mensuris
821 1073 896 1140 satis
921 1086 969 1140 est
991 1073 1247 1152 demonstratum,
1280 1071 1393 1138 Terrae
1415 1071 1550 1159 liguram
1575 1070 1619 1136 sd

329 1182 419 1280 polos
434 1205 502 1246 essa
516 1202 736 1266 compressam,
748 1193 854 1254 tamem
868 1179 990 1246 tantillo
1003 1203 1024 1245 a
1036 1178 1177 1266 perlectt
1187 1179 1310 1265 sphaerti
1325 1179 1490 1258 mutatio,
1505 1179 1538 1244 iu
1548 1177 1618 1246 aliis

329 1291 456 1378 quidem
481 1291 614 1378 negotiis
638 1291 768 1358 maxirni
788 1289 949 1368 momenti,
972 1291 1007 1356 in
1030 1290 1092 1356 lsoc
1114 1291 1255 1358 instituto
1275 1289 1344 1356 tucn
1365 1290 1483 1378 negligi
1501 1301 1615 1375 potest.

331 1399 467 1484 Parique
488 1399 619 1478 ratione,
642 1396 761 1464 etiamsi
782 1397 886 1464 Terra
905 1397 940 1461 iu
961 1397 1136 1485 oeqnalibus
1157 1419 1177 1462 a
1199 1409 1307 1472 centro
1323 1397 1476 1462 distentus
1492 1418 1556 1462 nou
1576 1397 1620 1462 sit

330 1507 420 1595 aqud
435 1508 543 1585 densa,
559 1519 663 1572 tamen
677 1505 851 1572 differentia
865 1504 951 1572 certe
964 1527 1030 1570 non
1046 1517 1093 1570 est
1106 1515 1202 1584 tanta,
1218 1517 1255 1570 ut
1266 1525 1356 1571 error
1370 1503 1522 1570 sensibilis
1543 1503 1619 1568 lnde

332 1616 372 1680 sit
385 1614 581 1680 menendus.

374 1731 398 1808 t.
421 1731 473 1789 22.
505 1723 552 1789 Ut
577 1723 673 1810 igitur
697 1723 779 1788 uires
804 1723 1011 1802 inveniantur,
1038 1743 1110 1811 quse
1132 1723 1265 1797 tendant
1287 1723 1330 1788 ad
1358 1722 1453 1788 situm
1480 1719 1618 1808 partium

334 1831 445 1898 Terrae
466 1829 630 1896 relativum
651 1831 890 1909 immutandum,
913 1829 1092 1896 definienda
1113 1843 1161 1899 est
1174 1831 1220 1900 vis
1234 1828 1445 1906 accelcmtrix,
1469 1827 1529 1914 qud
1543 1847 1618 1890 oen·

330 1953 414 2006 trum
435 1939 546 2005 Terre
568 1938 632 2004 sive
653 1938 695 2003 ad
718 1937 824 2004 Solem
846 1937 911 2002 sive
931 1937 973 2002 ad
996 1937 1122 2008 Lunam
1141 1949 1311 2025 urgeatnrr
1343 1935 1408 2022 qud
1429 1932 1564 2021 cogniti,
1592 1933 1619 1996 si

330 2047 562 2133 comperiantur
583 2067 693 2112 omnes
715 2046 829 2112 Terrae
847 2058 953 2130 partes
968 2047 1140 2133 aequalibus
1163 2047 1281 2112 viribus
1297 2043 1565 2111 aoeebratricibus
1587 2055 1622 2108 et

331 2156 364 2219 in
387 2155 613 2220 directionibus
640 2151 796 2240 parallelis
820 2154 920 2241 ogeri,
943 2154 1031 2223 nulla
1056 2155 1185 2220 omnino
1210 2153 1289 2220 sitris
1308 2152 1451 2231 mundo,
1473 2151 1622 2237 nullane

331 2263 464 2349 proinde
485 2262 580 2328 maris
602 2261 730 2349 agitatio
750 2261 878 2328 orietur.
923 2261 988 2328 Sed
1009 2262 1111 2326 Terra
1132 2262 1165 2324 in
1185 2283 1219 2327 se
1234 2271 1372 2346 spectata
1386 2259 1525 2324 omnium
1545 2281 1621 2344 par-

331 2373 410 2438 tium
423 2372 517 2438 situm
530 2381 674 2436 mutuum
687 2371 875 2435 invariatum
890 2370 1093 2436 conservabit
1139 2372 1185 2433 At
1200 2369 1226 2432 si
1248 2369 1341 2445 vires,
1358 2367 1470 2454 quibus
1485 2365 1620 2454 singrrlae

331 2493 435 2568 partes
450 2503 470 2544 a
482 2481 555 2546 Sole
569 2491 624 2544 aut
639 2477 731 2543 Lunai
742 2491 903 2566 urgentur,
916 2478 1122 2561 discrepeuta
1136 2477 1168 2540 vi
1181 2489 1323 2542 centrum
1333 2477 1444 2543 Terrae
1455 2477 1619 2556 adimente,

332 2585 397 2652 trini
413 2586 533 2650 ratione
547 2583 726 2670 quantitatis
741 2582 837 2669 qudm
850 2582 1040 2661 mentionis,
1063 2595 1130 2648 tum
1144 2583 1204 2650 nisi
1219 2583 1395 2648 firmissime
1415 2583 1496 2648 inter
1509 2605 1543 2648 se
1558 2583 1621 2648 sint

332 2713 494 2769 connexa,
516 2693 550 2756 in
572 2692 633 2762 situ
654 2713 712 2762 suo
733 2703 842 2755 mutuo
863 2691 1041 2775 perturbari
1060 2691 1229 2758 debebunt
1276 2691 1414 2778 Hocque
1428 2713 1501 2756 casu
1516 2713 1618 2778 sque,

333 2821 404 2886 quoe
430 2799 472 2862 ob
496 2797 682 2862 fluiditatem
705 2799 737 2863 ri
759 2797 853 2863 etism
877 2799 1017 2863 minine
1041 2800 1168 2879 cedunt,
1195 2801 1381 2866 mnsibiliter
1410 2801 1619 2888 agitabuntur,

333 2917 425 2990 atque
446 2900 602 2966 affluendo
624 2899 851 2986 defluendoque
873 2901 940 2966 aliis
962 2901 1039 2968 locis
1061 2903 1275 2982 elevabuntur,
1301 2905 1368 2970 aliis
1393 2905 1617 2991 deprimentur.

336 3011 421 3079 Gdrn
436 3023 545 3078 autem
559 3011 619 3076 iste
632 3021 747 3087 motus,
770 3011 824 3096 qui
844 3011 879 3074 in
901 3011 1031 3100 singubs
1046 3010 1158 3076 Terras
1172 3013 1313 3097 partibus
1328 3025 1506 3100 generatur,
1529 3013 1622 3078 adit

334 3117 465 3186 serentid
482 3118 562 3184 inter
576 3117 657 3184 vires
673 3129 816 3183 cerinum
830 3116 942 3182 Terra
955 3129 989 3182 et
1002 3119 1086 3203 ipsas
1102 3131 1207 3208 partes
1221 3119 1421 3189 sollicitantes
1441 3109 1638 3205 proficiscar-²
1734 3199 1735 3218 Χ

335 3239 399 3304 tur,
424 3224 553 3311 propria
577 3223 634 3302 vis,
661 3222 723 3308 qud
750 3243 882 3309 quaeque
907 3223 1060 3310 particula
1084 3224 1261 3312 agitabitur,
1287 3225 1468 3305 innotescet,
1496 3229 1522 3292 si
1545 3251 1565 3292 a
1589 3229 1620 3292 ri

335 3331 550 3398 ecceleratrioe
564 3329 649 3392 illam
662 3327 847 3413 particulam
861 3327 1045 3394 sollicitante
1058 3329 1217 3396 auferatur
1232 3331 1286 3396 vix
1300 3331 1510 3412 acceleratrix,
1526 3355 1618 3422 mam

335 3449 477 3502 connum
491 3436 603 3500 Terras
616 3435 753 3519 patitur:
775 3434 907 3522 litaeque
921 3435 1090 3507 subtractio
1104 3437 1149 3502 ita
1161 3437 1343 3518 instimiuu,
1366 3451 1402 3504 ut
1414 3441 1527 3528 cuique
1546 3465 1620 3528 par-

335 3543 438 3610 ticulae
458 3555 574 3627 preter
595 3543 659 3608 vim
679 3542 1415 3634 aotursmsollicitantemaliavisoeqoslisilli,
1437 3571 1621 3638 qrmmoen·

336 3663 420 3716 trum
439 3649 623 3734 perpetitur,
645 3649 679 3714 in
698 3648 870 3718 directione
882 3651 1038 3719 cannen
1052 3653 1207 3738 applicata
1219 3655 1433 3740 concipiaturs
1454 3669 1518 3722 tum
1530 3659 1621 3722 enim

335 3759 383 3825 vis
404 3781 476 3846 quse
496 3779 537 3822 ex
559 3757 784 3842 compositione
804 3757 916 3835 harum
930 3759 1065 3827 duarum
1077 3761 1188 3842 oritur,
1211 3763 1271 3829 erit
1283 3785 1357 3829 vera
1371 3765 1418 3829 vis
1435 3763 1621 3851 puticulam

290 3847 308 3896 ¹
330 3866 421 3932 illam
435 3867 476 3932 de
490 3865 560 3931 loco
574 3887 633 3930 suo
647 3865 824 3934 dedecens.

378 3981 471 4058 §.na
494 3973 1406 4064 ommmothmndnaoprnupuameunnids,
1429 3979 1619 4068 pinasca-

336 4085 434 4148 tuitur
454 4095 575 4148 motum
594 4081 758 4150 relativum
779 4086 813 4150 in
834 4097 1003 4172 systemate
1015 4100 1214 4175 quotcunque
1228 4109 1397 4174 corporum
1412 4101 1445 4154 et
1458 4111 1477 4156 a
1492 4091 1620 4177 quibus-

336 4215 459 4281 cunque
473 4190 590 4260 viribus
604 4193 839 4276 sollicitatorum
861 4217 988 4262 manere
1002 4197 1197 4276 invariatum,
1212 4197 1239 4264 si
1253 4219 1318 4264 non
1332 4197 1435 4264 soliim
1449 4200 1507 4267 toti
1522 4211 1620 4286 syste-

336 4299 413 4362 mati
433 4311 537 4366 motus
558 4299 720 4386 aequabilis
741 4299 949 4374 indirectum
968 4302 1062 4368 simul
1083 4303 1288 4388 imprimatur,
1310 4303 1620 4393 sedetiamsingulis

336 4405 477 4488 partibus
491 4407 573 4473 vires
588 4407 723 4494 aqudes
737 4429 869 4494 quarum
883 4409 1071 4476 directionm
1092 4411 1154 4476 siut
1174 4411 1256 4476 inter
1274 4433 1308 4478 se
1328 4411 1496 4498 parallelo,
1519 4412 1622 4498 appli-

338 4524 458 4580 centur.
503 4517 622 4580 Nostro
635 4516 732 4604 igitur
745 4539 820 4582 casu
832 4531 937 4584 motin
950 4519 1114 4585 intestinus
1128 4519 1265 4602 partium
1279 4520 1390 4586 Terrae
1402 4540 1469 4586 non
1479 4520 1623 4586 turbabi-

337 4633 400 4697 tur,
423 4621 450 4684 si
471 4623 599 4710 singulis
614 4625 772 4710 partiordis
786 4625 866 4690 vires
881 4627 1016 4712 aequales
1030 4628 1064 4692 in
1077 4627 1298 4700 directionibus
1312 4631 1466 4716 parallelis
1480 4631 1622 4716 applice-

338 4751 408 4797 mus
434 4741 470 4794 ut
493 4729 640 4798 Murus:
673 4733 761 4819 qndd
784 4733 810 4798 si
835 4745 940 4798 autem
963 4731 1031 4798 istae
1053 4733 1135 4800 vires
1155 4737 1290 4822 aequalas
1311 4739 1373 4804 sint
1393 4737 1448 4815 illi,
1471 4735 1532 4823 quai
1554 4749 1623 4802 tcta
