3520 5884
198 567 278 632 Cur.
295 563 340 649 L]
571 566 638 632 AD
661 565 884 633 TERTIUM
906 567 1106 635 LIBRUM.
1418 573 1482 638 xvii

83 769 98 788 f
196 741 239 808 ad
260 753 378 820 ortum,
400 751 436 806 ut
455 740 630 806 inveniatur
651 761 742 808 arcus
763 742 930 829 equituris
945 743 1020 808 dato
1034 755 1175 828 ternpore
1190 709 1403 808 solari'rnedio
1424 746 1484 812 sub

193 851 369 916 meridiano
383 851 544 927 uansieus,
559 849 683 916 dicatur
697 864 734 916 ut
747 859 789 916 24
805 851 893 917 horae
908 851 1025 916 solares
1040 852 1204 918 addetum
1225 866 1350 939 tempus
1371 854 1482 933 solare,
1600 839 1601 846 ἵ

194 959 240 1026 iti
264 967 343 1028 860⁰
367 961 419 1026 59‘
442 961 481 1025 δ”
508 961 578 1026 tom
611 960 654 1026 ad
675 983 783 1026 arcum
804 963 979 1048 quaesitum.
1028 961 1092 1027 His
1114 960 1210 1049 igitur
1228 963 1484 1048 proportionibus

194 1079 318 1152 tempus
340 1067 441 1132 solare
462 1067 602 1134 medium
615 1068 667 1132 vel
684 1079 808 1153 tempus
823 1069 980 1134 sidereum
994 1069 1186 1134 convertitur
1199 1069 1233 1132 in
1246 1068 1364 1156 gradus
1378 1091 1484 1155 aequa·

194 1177 271 1243 toris
286 1188 318 1244 et
332 1175 450 1242 contri.
488 1175 594 1242 Facile
609 1189 713 1244 autern
726 1189 813 1266 patet
827 1201 868 1244 ex
882 1179 973 1244 dictis
985 1179 1069 1244 diem
1081 1179 1215 1246 solarem
1229 1179 1368 1246 medium
1378 1203 1484 1268 requa-

193 1285 257 1352 lem
270 1308 340 1352 esse
353 1293 395 1350 24
410 1284 496 1350 horis
511 1284 640 1350 sidereis
655 1305 727 1350 cum
743 1285 773 1349 8¹
788 1287 846 1352 56'¹
863 1287 941 1352 Ψ.

240 1402 290 1464 17.
315 1394 350 1460 si
370 1394 555 1458 observetur
576 1391 708 1458 altitudo
728 1393 903 1459 meridiana
918 1393 1001 1458 Solis
1016 1403 1049 1458 et
1062 1391 1138 1457 dato
1152 1404 1224 1456 ante
1239 1392 1289 1456 vel
1303 1405 1376 1478 post
1389 1393 1483 1457 meri·

194 1501 279 1568 diem
299 1512 441 1587 tempore
463 1501 646 1565 observetur
668 1501 764 1564 etiarn
777 1500 910 1566 altitudo
924 1500 1097 1565 meridiana
1112 1499 1209 1566 stellae
1223 1501 1363 1587 alicujus,
1386 1501 1484 1566 stelloe

103 1681 111 1694 ,
192 1609 286 1695 hujus
310 1609 470 1674 dabuntur
492 1607 659 1674 declinatio
681 1618 713 1672 et
738 1608 877 1672 ascensio
903 1619 997 1672 recta.
1043 1608 1129 1672 Nam
1151 1629 1192 1671 ex
1217 1607 1290 1672 data
1317 1607 1482 1673 altitudine

194 1715 365 1782 meridiana
389 1715 470 1780 Solis
492 1715 585 1779 datur
606 1713 672 1800 ejus
694 1715 836 1779 ascensio
858 1727 945 1778 recta
969 1715 1038 1799 (14)
1066 1727 1098 1778 et
1122 1726 1265 1799 tempore
1289 1715 1376 1802 quod
1400 1717 1483 1780 inter

194 1825 273 1890 duas
295 1824 526 1890 observationes
548 1823 713 1888 intercedit
734 1823 768 1886 ia
794 1843 902 1887 arcum
928 1822 1094 1909 aequaturis
1117 1843 1269 1886 converso
1294 1823 1364 1907 (16)
1390 1822 1484 1891 datur

194 1957 285 2002 arcus
299 1933 466 2022 oequatoris
481 1931 535 2019 qui
549 1943 691 2017 tempore
705 1931 786 1996 inter
801 1930 879 1995 duas
895 1931 1126 1996 observationes
1141 1930 1248 2016 elapso
1261 1953 1320 2016 per
1338 1931 1484 1996 meridia·

193 2066 271 2110 num
292 2047 420 2121 transit;
442 2042 495 2106 hic
516 2064 605 2106 arcus
626 2041 760 2112 addatin
773 2040 824 2105 vel
839 2039 1031 2104 subducatur
1045 2040 1220 2103 ascensioni
1233 2051 1328 2104 rectae
1344 2040 1436 2119 Solis,
1452 2051 1485 2105 et

194 2173 317 2218 stimma
330 2151 381 2234 yel
395 2149 570 2214 differentia
583 2147 643 2212 erit
656 2147 798 2210 ascensio
813 2157 900 2210 recta
919 2144 1028 2210 stellae.
1073 2145 1253 2211 Declinatio
1267 2159 1372 2211 autem
1386 2148 1485 2212 stellae

195 2283 237 2326 ex
250 2261 318 2346 ipsi
333 2260 495 2326 altitudine
510 2260 576 2344 ejus
591 2254 762 2321 meridiana
777 2255 898 2319 eruitur
913 2257 995 2338 (14).
1042 2253 1140 2330 Quod
1155 2254 1181 2316 si
1196 2265 1339 2320 centrum
1355 2255 1438 2320 Solis
1453 2268 1486 2320 et

196 2381 338 2434 centrum
364 2365 462 2431 stellae
487 2365 520 2428 in
549 2363 723 2428 meridiano
751 2359 844 2425 simul
873 2359 1081 2444 reperiantur,
1105 2353 1223 2424 'eadem
1248 2373 1296 2426 est
1324 2361 1485 2449 utriusque

194 2473 334 2538 ascensio
349 2483 443 2536 recta.
790 2534 795 2550 ,

240 2589 290 2645 18.
313 2579 405 2644 Datis
427 2571 633 2642 declinatione
655 2587 688 2642 et
708 2572 891 2640 ascensione
913 2573 998 2640 recu
1018 2574 1127 2654 stellae,
1144 2574 1259 2640 dantur
1272 2576 1369 2660 ipsius
1383 2576 1484 2665 longi-

193 2685 271 2750 tudo
293 2696 324 2751 et
344 2684 485 2751 latitudo.
532 2685 633 2750 Sunto
655 2682 701 2748 AE
722 2681 755 2758 Q
779 2691 930 2768 aquator,
955 2679 1197 2770 ELecliptica,
1215 2684 1347 2770 Ppolus
1362 2685 1483 2765 mundi,

192 2795 235 2862 M
248 2795 339 2880 polus
351 2794 511 2879 eclipticas,
530 2794 553 2858 S
568 2793 666 2870 stella,
693 2791 721 2856 P
735 2790 804 2856 SD

192 2901 349 2989 quadrans
378 2901 487 2966 circuli
515 2899 740 2979 declinationis,
771 2909 803 2962 et

193 3008 232 3074 M
245 3010 269 3074 S
281 3010 323 3088 K,
334 3008 491 3097 quadrans
501 3009 610 3074 circuli
619 3007 801 3074 latitudinis.

192 3117 387 3194 Queruntur
396 3143 486 3186 arcus
496 3133 527 3179 ‘t’
538 3119 584 3184 vel
596 3134 629 3174 ὑ
642 3119 674 3184 K
683 3130 716 3183 et
725 3117 758 3182 K
768 3117 801 3182 S.
899 3210 902 3218 y

193 3333 222 3401 P
237 3336 277 3402 M
292 3359 347 3402 seu
363 3336 509 3402 distantia
521 3335 668 3420 polorum
682 3334 751 3398 Pet
762 3333 802 3398 M

192 3448 253 3508 280
276 3449 338 3522 29',
363 3443 456 3508 datur
476 3465 601 3528 quoque
623 3441 704 3504 latus
727 3439 755 3504 P
779 3440 802 3504 S

191 3549 406 3632 declinationis
434 3550 515 3616 SD
538 3549 801 3635 complementum
830 3593 831 3598 κ

190 3657 800 3748 etangulusMPSseuAEPD,
857 3673 887 3733 Ε

190 3769 278 3854 cujus
288 3789 436 3834 mensura
446 3779 494 3832 est
504 3787 595 3832 arcus
608 3765 652 3830 AE
664 3766 699 3831 D
710 3766 801 3830 datus

189 3873 232 3938 ob
256 3873 345 3938 datos
366 3895 424 3960 per
445 3873 661 3938 ascensionem
682 3885 800 3938 rectam

190 4001 298 4046 arcum
313 3993 345 4040 ‘r
368 3981 402 4045 D
417 3981 467 4046 rel
480 3995 514 4034 ὑ
535 3980 568 4046 D
590 3991 623 4046 et
644 3980 800 4066 quadran·

190 4099 253 4152 tem
283 4089 347 4154 AE.
363 4100 407 4154 φ.
474 4087 582 4168 Quare
620 4095 691 4176 (per
726 4091 798 4177 trig.

191 4193 320 4282 aphaer.)
344 4197 501 4262 invenitur
522 4197 604 4262 latus
628 4197 668 4262 M
691 4199 714 4263 S
736 4197 909 4263 latitudinis
928 4199 952 4266 S
973 4199 1006 4264 K
1023 4203 1287 4286 complementum
1301 4213 1334 4267 et
1347 4203 1480 4292 angulus

191 4303 243 4382 M,
268 4307 353 4390 crrjus
374 4329 521 4372 mensura
543 4319 590 4372 est
612 4329 702 4372 arcus
726 4307 759 4371 K
782 4307 829 4386 L3
854 4331 896 4372 ex
918 4307 1025 4373 circuli
1047 4309 1218 4395 quadrante
1233 4323 1265 4369 ‘t'
1287 4310 1384 4375 Lvel
1401 4311 1481 4376 ΔΙ.

190 4410 382 4488 subducatur
399 4413 431 4478 K
447 4414 487 4490 L,
507 4425 539 4480 et
561 4413 688 4478 dabitur
702 4425 734 4473 ‘t‘
753 4413 786 4478 K
805 4413 969 4502 longitudo
985 4415 1083 4480 stella
1099 4417 1131 4481 S.
1179 4417 1267 4482 Hinc
1281 4417 1374 4482 etiam
1390 4416 1481 4483 facile

189 4530 278 4606 patet
293 4519 450 4604 quomodo
465 4520 546 4586 datis
561 4519 761 4610 longitudine
778 4532 810 4580 ‘t‘
829 4521 862 4586 K
879 4533 911 4586 et
925 4522 1090 4588 latitudine
1107 4523 1138 4588 K
1156 4524 1290 4590 Sstellre
1306 4525 1329 4590 S
1348 4526 1482 4596 inveniri
1531 4523 1533 4529 ’

191 4629 292 4712 possit
306 4628 405 4714 ipsius
420 4633 560 4697 ascensio
574 4645 661 4720 recta
675 4645 707 4697 et
721 4631 898 4697 declinatio.
944 4631 1028 4696 Nam
1045 4633 1120 4696 dato
1134 4643 1166 4691 ‘t‘
1184 4631 1216 4696 K
1231 4631 1324 4698 datur
1341 4633 1373 4698 K
1389 4633 1428 4711 L,
1449 4645 1482 4698 et

192 4735 268 4800 inde
291 4735 384 4800 datur
406 4737 537 4822 angulus
561 4740 584 4805 S
607 4739 648 4806 M
670 4737 709 4817 P,
731 4751 764 4804 et
785 4737 860 4804 dato
875 4739 899 4805 S
916 4737 958 4818 K,
974 4739 1066 4806 datur
1082 4739 1106 4805 S
1122 4739 1171 4818 M,
1188 4739 1271 4806 unde
1285 4739 1358 4805 clun
1373 4739 1480 4804 dotum

236 4842 365 4894 Vct-111.
814 4853 837 4904 Β
