3540 5886
345 497 408 558 sss
552 457 556 464 ’
589 448 1373 565 ruoulsrrrorursrci1u·csuss1u

341 679 402 732 tur.
447 663 502 730 ob
522 655 609 730 hanc¹
625 664 708 730 enin
731 663 830 748 ipsam
840 661 1029 726 ¹facultatem
1042 679 1156 744 corpus
1176 657 1311 721 inmotu
1325 657 1461 740 posimm
1476 657 1536 722 alia
1550 655 1630 722 cor'-

340 796 428 860 pora,
454 793 525 859 quae
549 773 599 836 vel
608 825 610 832 Α
619 771 716 857 ipsius
737 771 835 835 motui
857 767 974 834 directe
995 781 1068 832 sunt
1089 765 1240 852 opposita,
1264 765 1313 830 vel
1334 768 1400 851 ejus
1420 765 1630 831 directionem

343 891 464 944 mutare
479 889 605 966 cogrmt,
628 877 803 943 admotum
818 874 981 950 sollicitam
1003 885 1095 960 atque
1116 873 1214 958 priori
1235 893 1310 936 casu
1323 871 1442 960 regulae
1455 872 1629 938 collisionis

343 1007 520 1070 corporum,
542 983 707 1070 posteriori
729 982 863 1048 verd'vis
879 979 1059 1068 ceutrifugae
1081 979 1201 1043 indoles
1216 991 1247 1043 et
1259 979 1465 1063 proprietates
1479 980 1628 1044 oriuntur

343 1117 380 1158 ac
394 1095 655 1158 demonstrantur.
700 1090 793 1158 Crim.
803 1091 899 1178 igitur
921 1089 1025 1154 omnia
1039 1110 1172 1174 corpora
1185 1089 1343 1152 terrestria
1356 1100 1421 1152 tarn
1434 1087 1541 1154 versrls
1564 1091 1627 1156 so-

342 1201 415 1277 lem,
431 1197 525 1286 qualm
545 1197 653 1264 vereris
673 1197 798 1262 Lunam
817 1193 969 1280 perpetuo
984 1195 1197 1271 sollicitentur,
1218 1216 1311 1258 causa
1325 1193 1418 1279 hujus
1433 1195 1628 1262 sollicitatio-

345 1309 395 1372 nis
409 1308 559 1372 condono
574 1305 718 1390 appulsui
732 1303 869 1368 materiae
884 1301 1044 1387 cujusdam
1058 1300 1188 1378 subtilis,
1210 1300 1260 1364 vel
1273 1299 1304 1362 vi
1320 1289 1500 1388 centrifugie
1514 1303 1628 1367 similis

342 1413 482 1478 marona
511 1412 605 1476 tribui
634 1410 769 1474 debebit.
828 1407 931 1472 Priori
950 1408 1046 1494 igitur
1075 1429 1149 1470 casu
1173 1405 1335 1470 materiam
1358 1405 1503 1470 subtilem
1531 1409 1629 1474 sami

343 1531 511 1604 oporteret,
528 1538 598 1603 quae
613 1527 790 1582 constanter
804 1513 923 1580 summi
939 1511 1103 1598 rapiditate
1116 1508 1189 1576 crim
1200 1511 1240 1574 ad
1253 1510 1358 1576 Solem
1368 1507 1435 1574 tum
1447 1511 1487 1575 ad
1499 1511 1628 1580 Lunam

343 1625 495 1690 ferretur:
518 1621 696 1710 hujusmodi
711 1621 786 1686 vero
799 1619 980 1706 hypothesis
995 1619 1037 1685 ob
1052 1617 1204 1683 maximas
1219 1614 1426 1694 difficrdtstes,
1449 1618 1561 1704 quibus
1577 1634 1641 1688 est,

343 1731 491 1810 involuta,
518 1729 639 1796 admitti
663 1728 791 1794 minime
814 1739 926 1814 potest.
983 1725 1090 1792 Primo
1115 1726 1198 1790 enim
1223 1723 1376 1809 perpetui>
1395 1726 1483 1790 noris
1507 1727 1626 1794 viribus
1753 1739 1754 1754 ¹

345 1849 428 1901 esset
439 1857 529 1921 opus,
552 1857 623 1922 quse
637 1834 797 1900 materiam
812 1831 956 1898 subtilem
969 1831 1181 1896 indesinenter
1194 1829 1302 1894 versrls
1318 1830 1424 1895 Solem
1439 1831 1627 1920 Lunamque
1753 1901 1754 1904 ,

343 1943 504 2030 pellerent,
531 1941 593 2030 quai
622 1942 762 2029 quidem.
777 1964 812 2008 re
841 1941 972 2028 quaestio
1000 1963 1064 2004 nou
1093 1941 1242 2024 mojorem
1267 1939 1370 2002 lucem
1399 1955 1627 2025 assequeretur.

309 2035 311 2042 Α
344 2051 469 2116 Deinde
502 2050 571 2116 telis
602 2063 705 2114 motus
736 2071 795 2134 per
822 2070 856 2112 se
885 2047 940 2112 diu
968 2047 1136 2118 consistere
1161 2067 1226 2108 non
1254 2056 1369 2130 posset,
1395 2058 1524 2130 propter
1551 2069 1628 2132 per.

347 2173 477 2246 petuum
497 2160 636 2224 matenae
658 2157 778 2224 subtilis
799 2157 840 2221 ad
861 2157 970 2220 eadem
984 2157 1053 2220 loca
1075 2153 1226 2236 effluxum
1251 2153 1433 2238 nullumque
1459 2153 1626 2234 refluxum,
1753 2247 1754 2262 χ

344 2283 381 2336 ut
405 2283 562 2336 taceamus
590 2267 651 2334 alia
676 2268 813 2332 maxima
841 2264 1039 2331 incommoda
1066 2285 1139 2328 cum
1170 2260 1343 2328 istiusmodi
1371 2261 1525 2345 positione
1553 2285 1628 2348 per.
1753 2275 1754 2278 ¹

343 2401 410 2444 mrx
456 2399 461 2408 ·
848 2429 850 2434 ,
952 2429 953 2432 ,
1514 2435 1517 2442 ⁴

388 2391 480 2570 §.tls
505 2485 642 2552 Exclusi
666 2486 761 2574 igitur
781 2487 920 2552 materiae
941 2482 1061 2552 subtilis
1083 2479 1230 2550 continui
1243 2479 1394 2558 allisione,
1418 2494 1565 2568 tanquam
1585 2479 1627 2544 ad

343 2591 426 2656 vires
447 2589 519 2656 crim
531 2591 581 2656 ed
604 2593 711 2658 Solem
725 2593 793 2658 trlm
810 2593 933 2658 Lunam
948 2591 1110 2658 tendentes
1128 2587 1347 2675 producendas
1360 2587 1487 2652 minime
1501 2586 1626 2664 idonei,
1753 2571 1754 2628 l

348 2696 410 2758 alia
423 2695 534 2760 hermu
547 2698 660 2762 virium
675 2721 768 2762 causa
781 2720 845 2762 non
861 2699 1054 2794 relinquitur,
1070 2697 1130 2760 nisi
1144 2715 1215 2780 quse
1229 2694 1263 2758 in
1277 2693 1308 2756 vi
1322 2693 1494 2780 centrisugrl
1509 2695 1629 2758 consis-
1753 2693 1754 2698 ’

343 2810 398 2864 tat.
445 2799 722 2874 Quemadmodum
742 2813 848 2866 autem
869 2801 999 2866 materia
1020 2799 1140 2868 subtilis
1162 2801 1195 2861 in
1216 2819 1329 2886 gyrum
1344 2811 1412 2861 acta
1426 2821 1463 2862 ac
1477 2799 1629 2862 vorticem

344 2903 483 2966 formans
505 2923 570 2965 non
592 2902 694 2967 soliim
715 2905 819 2968 animo
833 2905 965 2990 concipi,
986 2903 1148 2969 sedetiam
1163 2903 1197 2966 in
1211 2902 1329 2976 mundo
1343 2903 1508 2987 persistere
1524 2917 1627 2990 queat,

342 3013 409 3096 jam
434 3009 507 3076 satis
531 3032 687 3097 superque
711 3024 760 3076 est
783 3011 970 3095 expositum,
994 3009 1066 3074 crim
1095 3009 1128 3072 in
1151 3007 1427 3086 dissertationibus,
1459 3031 1531 3094 quae
1555 3009 1629 3076 crlm
1753 3069 1754 3076 ,

344 3123 476 3210 quaestio
490 3121 531 3186 de
545 3121 638 3186 causa
660 3123 875 3209 gravitationis
896 3123 1075 3210 agitaretur,
1098 3120 1204 3186 laudes
1220 3121 1434 3186 illustrissimae
1448 3123 1634 3202 Academiae¹
1753 3139 1754 3176 ³

344 3232 554 3310 merebantur,
578 3231 646 3296 tdm
668 3234 761 3297 etiam
781 3233 814 3296 iu
829 3231 896 3297 aliis
911 3233 1212 3318 operibus3-quibus
1234 3233 1266 3296 in
1287 3232 1364 3298 locis
1379 3235 1470 3299 simul
1492 3234 1629 3302 dilucida
1753 3231 1754 3294 Ῑ

343 3350 391 3402 est
411 3351 579 3414 ostensum,
604 3339 767 3424 quomodo
789 3339 940 3423 ejusmodi
961 3339 1092 3404 vortices
1113 3351 1307 3423 comparatos
1333 3363 1400 3404 esse
1419 3355 1569 3426 oporteat,
1593 3357 1631 3409 ut
1753 3345 1754 3426 ξ

347 3447 427 3510 vires
449 3447 630 3535 centrifugoe
652 3449 729 3514 liant
751 3447 909 3534 quadratis
930 3447 1145 3512 distantiarum
1166 3471 1186 3512 a
1207 3461 1314 3512 centro
1329 3450 1454 3514 vorticis
1469 3451 1629 3536 reciproce
1753 3427 1754 3472 ἕ

346 3557 607 3639 proportionales.
652 3557 735 3632 Quae
757 3580 807 3620 res
829 3555 901 3620 crim
922 3579 994 3620 meo
1015 3557 1140 3641 quidem
1160 3555 1288 3640 judicio.
1300 3559 1367 3641 jam
1388 3571 1452 3622 tam
1474 3559 1567 3644 plana
1589 3563 1630 3625 sit
1753 3573 1754 3586 ¹

344 3665 435 3744 fecta,
451 3679 486 3730 ut
501 3667 554 3730 vix
569 3668 735 3754 quicquam
750 3666 790 3730 ad
804 3687 942 3750 praesens
958 3665 1132 3728 institutum
1147 3666 1279 3730 attinens
1294 3666 1386 3752 adjici
1408 3679 1507 3752 queat,
1532 3669 1628 3734 vorti·
1753 3653 1754 3692 ³

344 3797 417 3840 cum
443 3776 582 3840 ulteriori
610 3774 747 3839 examini
773 3775 840 3838 siue
872 3773 935 3837 ulle
961 3771 1155 3838 haesitatione
1180 3775 1433 3860 supersedemus3
1464 3775 1559 3861 idque
1589 3777 1628 3842 ei>

346 3884 456 3969 magis,
477 3883 562 3968 quod
585 3877 786 3946 celeberrima
808 3879 978 3944 Academia
999 3880 1150 3964 ejusmodi
1175 3881 1310 3966 amplam
1336 3895 1428 3966 atque
1458 3880 1536 3946 adei)
1559 3883 1627 3968 jam

343 3991 514 4058 confectam
529 3991 754 4078 digressionem
768 3988 927 4074 postulare
941 3987 1026 4052 haud
1040 3987 1190 4052 videatur.
1223 3989 1381 4064 Quoniam
1396 3989 1479 4064 enim
1492 3994 1626 4076 quaestio

345 4099 386 4162 de
399 4103 493 4162 causa
507 4098 666 4184 gravitatis
681 4097 752 4162 crim
767 4095 874 4162 rersrls
889 4096 1022 4160 Terram
1036 4094 1104 4162 tdm
1118 4099 1210 4162 etiam
1229 4096 1336 4160 versris
1353 4097 1458 4162 Solem
1473 4113 1504 4164 et
1517 4099 1626 4184 plane·

342 4219 389 4270 tas
405 4207 472 4291 jam
493 4206 568 4270 satis
589 4220 636 4270 eat
656 4204 839 4291 investigate
859 4225 896 4268 ac
919 4203 1070 4281 diremta;
1088 4227 1184 4272 nuuc
1205 4203 1341 4288 quidem,
1364 4205 1391 4268 si
1414 4206 1626 4292 cujuscunque

346 4313 545 4398 phaenomeui
570 4335 663 4378 causa
685 4311 725 4376 ed
749 4311 843 4376 suerit
870 4313 1039 4396 perducta,
1058 4312 1175 4378 ibidem
1204 4313 1461 4397 acquiescendum
1490 4315 1622 4394 videtur,

342 4442 443 4506 neque
466 4434 569 4486 actum
591 4418 714 4508 agendo
735 4419 840 4484 denuo
854 4421 887 4484 in
902 4421 993 4488 causi
1007 4420 1166 4508 gravitatis
1183 4422 1396 4510 investigandi
1411 4423 1543 4488 nimidm
1564 4425 1624 4488 im-

342 4528 456 4590 morari
481 4527 669 4591 conveniret
721 4527 867 4612 Denique
880 4541 883 4546 '
896 4527 935 4596 iu,
958 4529 1104 4611 praesenti
1129 4529 1254 4616 negotio
1283 4529 1423 4594 sufficere
1451 4543 1566 4615 posset,
1597 4531 1626 4596 si

343 4630 437 4696 astus
458 4635 551 4696 maris
573 4655 667 4696 causa
689 4631 791 4696 adhuc
813 4635 905 4697 tantis
928 4633 1062 4698 tenebris
1077 4633 1223 4698 obvoluta
1238 4635 1277 4700 ad
1291 4636 1352 4700 alia
1365 4636 1500 4700 maxine
1515 4651 1626 4722 aperta

341 4735 549 4820 pluenomena
563 4737 739 4825 reducatur,
764 4759 896 4824 quorum
910 4759 1005 4802 causa
1019 4761 1083 4804 non
1099 4739 1199 4804 schim
1219 4741 1350 4806 liabetur
1364 4743 1544 4826 probabilis,
1567 4743 1626 4808 sed
