3570 5876
362 507 402 564 98
665 497 1004 568 PHILOSOPHIAE
1027 492 1300 566 NATURALls
1333 496 1650 578 [Bellonesum

359 689 419 733 nor
433 666 525 734 faciet
538 681 574 734 ut
588 691 668 756 aqua
682 671 829 735 ascendat
848 671 888 736 ed
902 670 1091 735 mediocrem
1112 667 1307 732 altitudinem
1326 667 1360 728 in
1378 665 1483 730 medic
1498 667 1648 752 ipsorum

361 795 394 846 ct
414 783 494 846 inter
516 781 649 848 affluxus
671 785 762 848 binos
784 782 920 846 minores
943 805 1024 867 aqua
1045 779 1192 844 ascendet
1211 777 1252 841 ad
1266 775 1462 841 altitudinem
1477 778 1648 842 minimam.

364 893 416 957 Sic
430 893 530 977 spatio
544 894 654 980 viginti
668 907 802 980 quatuor
822 893 981 969 horarum,
1004 912 1086 976 aqua
1100 911 1164 953 non
1179 889 1227 952 bis
1242 901 1278 951 ut
1292 889 1360 951 fieri
1376 888 1464 965 solet,
1482 888 1537 952 sed
1552 889 1648 954 semel

360 1013 481 1064 tantum
495 1003 656 1086 perveniet
670 1002 710 1066 ed
724 1002 893 1066 maximam
908 999 1104 1064 altitudinem
1119 1009 1151 1060 et
1165 995 1261 1060 semel
1277 995 1316 1058 ad
1332 995 1510 1058 minimam:
1531 1009 1564 1060 et
1577 996 1647 1059 alti-

360 1109 438 1172 tudo
451 1111 597 1188 maxima,
614 1111 640 1174 si
655 1109 749 1176 Luna
763 1109 898 1172 declinat
911 1109 944 1170 in
958 1107 1064 1192 polum
1080 1127 1174 1190 supra
1188 1104 1382 1168 horizontem
1397 1103 1468 1182 loci,
1484 1105 1601 1168 incidet
1613 1105 1647 1168 in

359 1215 470 1282 boram
485 1218 534 1282 vel
549 1231 669 1282 sextam
683 1218 733 1280 vel
747 1217 933 1282 tricesimam
949 1216 989 1278 eb
1003 1214 1137 1299 appulsu
1152 1213 1254 1276 Lunae
1268 1212 1310 1275 ad
1324 1211 1539 1289 meridianum,
1552 1227 1645 1299 atque

360 1327 463 1392 Lunae
484 1327 722 1393 declinationem
735 1339 875 1390 mutante
889 1325 1061 1390 mutabitur
1075 1325 1109 1387 in
1124 1324 1294 1388 defluxum.
1339 1324 1483 1400 Quorum
1504 1325 1645 1388 omnium

360 1437 539 1520 exemplum
566 1437 600 1500 in
623 1449 717 1520 portu
739 1438 828 1525 regni
849 1435 1012 1523 Tunquiui
1034 1435 1075 1500 ad
1099 1435 1250 1500 Batsbam
1265 1437 1323 1500 sub
1344 1435 1507 1500 latitudine
1527 1435 1646 1499 boreali

360 1553 403 1609 20
416 1567 465 1632 gr.
481 1549 542 1611 ὅθ’.
588 1545 732 1610 Hallcius
754 1567 795 1610 ex
816 1557 982 1609 nautarum
1005 1546 1272 1610 observationibus
1294 1544 1447 1630 patefecit
1494 1545 1544 1611 lbi
1566 1567 1647 1631 aqua

360 1655 411 1718 die
433 1656 598 1720 transitum
621 1656 723 1721 Lunae
743 1676 801 1742 per
819 1668 1010 1742 aequatorem
1025 1669 1174 1741 sequente
1189 1669 1321 1744 stagnat,
1337 1657 1410 1721 dein
1426 1657 1519 1721 Lune
1535 1655 1576 1721 ad
1589 1658 1646 1722 bo-
1782 1657 1783 1660 ’

359 1789 445 1832 ream
459 1767 634 1832 declinante
649 1766 757 1852 incipit
771 1767 869 1831 fluere
883 1778 914 1830 et
928 1767 1071 1844 refluere,
1088 1787 1153 1830 non
1167 1767 1226 1844 bis,
1242 1767 1324 1830 utin
1335 1766 1402 1830 aliis
1415 1766 1578 1850 portubus,
1591 1767 1647 1830 sed
1781 1769 1783 1780 '

360 1877 456 1941 semel
471 1877 600 1963 singtilis
616 1875 724 1941 diebus
732 1899 742 1952 ς
766 1889 798 1941 et
811 1889 904 1940 aestus
920 1877 1029 1940 incidit
1043 1877 1076 1939 in
1092 1897 1238 1940 occasum
1253 1874 1365 1954 Lunae,
1389 1875 1532 1940 defluxus
1547 1875 1647 1938 maxi-

360 2009 429 2050 mus
451 1986 483 2049 in
505 1999 618 2051 ortum.
675 1987 758 2050 Cum
780 1987 882 2050 Lunae
902 1965 1109 2052 declinatione
1131 2000 1264 2075 augetur
1285 1987 1337 2050 bic
1360 1999 1462 2063 aestus,
1485 1987 1647 2072 usquead

360 2093 444 2158 diem
465 2095 629 2178 septimam
648 2095 699 2159 vel
713 2109 863 2172 octavam,
887 2094 960 2158 dein
981 2117 1039 2180 per
1062 2095 1140 2159 alios
1157 2107 1275 2179 septem
1291 2095 1357 2159 dies
1372 2095 1481 2159 iisdem
1496 2095 1647 2182 gradibus

359 2199 519 2277 decrescit,
543 2199 654 2288 quibus
677 2213 768 2264 antea
788 2212 945 2276 creverat3
968 2213 1000 2264 et
1020 2201 1112 2265 Luni
1126 2201 1367 2265 declinationem
1381 2213 1521 2264 mutante
1536 2215 1645 2279 cesset,

359 2329 396 2370 ac
410 2329 486 2370 mox
500 2319 638 2371 mutatur
651 2307 684 2370 in
699 2305 869 2370 defluxum.
915 2303 1032 2370 incidit
1049 2307 1133 2369 enim
1148 2306 1280 2371 subinde
1295 2307 1438 2370 defluxus
1453 2308 1486 2369 in
1502 2329 1646 2372 occasum

360 2414 463 2480 Lunae
488 2425 521 2478 et
545 2411 677 2477 affluxus
702 2414 735 2476 in
759 2425 872 2488 ortum,
897 2411 998 2476 donec
1021 2411 1115 2476 Luna
1140 2413 1254 2476 iterum
1275 2424 1375 2476 mutet
1394 2412 1644 2480 declinationem.

341 2521 475 2586 'Aditus
501 2521 541 2585 ed
564 2521 648 2584 hunc
669 2535 795 2606 portum
816 2520 956 2607 fretaque
978 2521 1079 2585 vicina
1099 2520 1217 2606 duplex
1240 2534 1335 2607 patet,
1367 2523 1445 2586 alter
1467 2523 1508 2586 ab
1529 2545 1648 2587 oceano

364 2633 486 2699 Sinensi
500 2635 581 2696 inter
597 2633 816 2696 Continentem
832 2644 864 2696 et
877 2632 1011 2696 insulam
1020 2632 1204 2708 Luconiam‚
1217 2631 1295 2697 alter
1310 2655 1330 2696 a
1347 2633 1425 2696 mari
1442 2633 1553 2696 Indico
1568 2634 1650 2697 inter

364 2742 584 2806 Continentem
599 2752 631 2803 et
652 2740 784 2803 insulam
800 2739 936 2804 Borneo.
985 2741 1039 2804 An
1056 2753 1150 2804 aestrrs
1166 2741 1266 2824 spatio
1284 2738 1434 2804 horarum
1448 2741 1613 2806 duodecim
1629 2767 1649 2806 a

362 2847 441 2912 mari
458 2844 578 2926 Indico,
594 2860 626 2910 et
640 2845 740 2930 spatio
752 2845 901 2910 horarum
918 2869 974 2911 sex
989 2870 1009 2911 a
1022 2847 1102 2910 mari
1119 2848 1241 2913 Sinensi
1255 2869 1313 2932 per
1323 2847 1402 2912 freta
1416 2847 1470 2913 illa
1480 2851 1645 2928 venientes,

365 2971 397 3024 et
418 2958 463 3022 sic
483 2958 517 3019 in
538 2955 649 3020 boram
663 2955 785 3018 tertiam
801 2968 832 3018 ct
845 2975 961 3018 nonam
974 2955 1115 3019 lunarem
1130 2955 1311 3034 incidentes,
1335 2969 1524 3039 componant
1538 2957 1648 3042 hujus·

364 3071 450 3136 modi
473 3081 594 3144 motus;
616 3067 696 3131 sitne
716 3067 776 3130 alia
794 3065 925 3130 marium
941 3065 1066 3129 illorum
1082 3065 1228 3143 conditio,
1246 3065 1512 3130 observationibus
1527 3067 1646 3130 vicino-

365 3204 435 3246 rum
450 3179 591 3243 littorum
606 3175 875 3241 determinandum
895 3173 1046 3260 relinquo.

410 3290 576 3354 Hactenus
598 3309 706 3350 causas
727 3297 868 3350 motuum
891 3285 993 3348 Lunae
1014 3294 1046 3346 et
1066 3283 1200 3348 marium
1221 3283 1352 3348 reddidi.
1397 3281 1450 3349 De
1475 3284 1645 3372 quantitate

365 3394 506 3459 motuum
516 3397 583 3480 jam
598 3392 742 3458 convenit
756 3389 860 3478 aliqua
873 3387 1069 3478 subjungere.
