3516 5870
337 536 398 592 sao
584 523 847 602 1uours1rro
872 487 1364 588 rnrs1cnrucnusnu

335 698 547 782 depressiones
562 719 651 782 equae
672 719 729 781 per
747 708 847 760 totum
861 717 946 759 mare
961 691 1075 758 attenti
1090 689 1341 756 considerentur:
1364 701 1430 754 tota
1444 689 1528 754 enim
1541 689 1621 752 bec
1659 681 1672 700 ⁶

246 863 249 868 .
334 808 463 890 quaestio
477 807 643 890 pertinebit
657 807 699 870 ad
716 805 968 892 hydrostaticam.

375 921 399 997 t.
429 925 499 978 114.
538 913 620 980 Cdm
650 916 746 1002 igitur
769 915 811 978 ad
835 915 939 978 littora
971 913 1109 994 Europae
1133 933 1215 995 aqua
1238 907 1352 972 deved
1377 918 1519 993 nequeat,
1546 905 1614 968 nisi

332 1025 463 1089 affluxus
478 1025 518 1088 ab
533 1025 692 1090 occidente
706 1025 762 1087 fiat
776 1024 930 1106 copiosus,
953 1021 995 1086 ad
1013 1021 1119 1092 littora
1131 1041 1201 1104 quoe
1215 1015 1322 1080 versus
1337 1015 1529 1080 occidentem
1543 1037 1615 1078 res-

331 1133 451 1216 piciunt
470 1155 551 1220 aqua
572 1131 687 1198 directd²
708 1133 749 1196 ab
769 1132 931 1196 occidente
952 1129 1103 1206 adveniet,
1126 1151 1197 1214 quar
1217 1139 1320 1192 autem
1341 1128 1447 1192 littora
1460 1125 1500 1189 ad
1513 1125 1616 1188 ubam

330 1240 456 1327 plagam
477 1252 549 1304 sunt
569 1241 728 1324 disposita,
749 1261 840 1325 aquae
861 1261 969 1304 cursus
991 1236 1099 1302 versds
1120 1237 1272 1301 orientem
1284 1236 1423 1302 director
1434 1235 1615 1297 inllecteuar

326 1349 417 1432 juxta
437 1350 550 1426 littora,
573 1351 753 1436 priusqum
775 1347 813 1412 ed
834 1349 999 1434 pertingat,
1026 1347 1153 1411 omnino
1178 1347 1224 1408 uti
1248 1345 1399 1430 inspectio
1423 1363 1612 1426 mappam

331 1455 464 1522 docebit.
503 1458 661 1533 Qttoniam
675 1456 749 1520 verb
763 1457 824 1520 iste
838 1475 928 1542 aquae
938 1457 1028 1540 juxta
1042 1455 1146 1518 littora
1158 1455 1263 1518 fluxus
1278 1466 1396 1518 tantam
1409 1453 1607 1527 celeritatem,
1671 1441 1676 1450 ’

331 1561 593 1646 ᾳιιειηῑαωὴαδεῐ
615 1564 716 1640 Luna,
739 1565 877 1648 recipere
898 1561 1015 1648 nequit,
1040 1581 1169 1625 neem
1187 1571 1244 1638 est,
1266 1571 1303 1624 ut
1321 1561 1424 1622 fluxus
1444 1559 1485 1621 ad
1502 1558 1609 1621 littora

330 1671 428 1757 magis
453 1671 493 1734 ad
517 1672 667 1734 orientem
693 1671 751 1734 sita
774 1668 892 1734 tardids
917 1667 1098 1732 advehatur.
1144 1665 1228 1730 Haec
1253 1673 1361 1730 autem'
1375 1664 1481 1729 vereris
1501 1665 1607 1728 littora

331 1777 528 1840 orientaliora
548 1778 716 1842 retardatio
735 1776 873 1841 maxime
891 1778 1055 1862 perspicua
1069 1783 1116 1840 est
1130 1777 1163 1838 in
1176 1776 1328 1860 portubus
1344 1775 1467 1852 Gallioe,
1491 1774 1605 1860 Rugii,

332 1883 466 1970 duplice,
482 1896 515 1948 et
530 1885 714 1962 Hibernia
728 1881 800 1950 crim
814 1885 898 1949 enim
911 1885 952 1948 ed
966 1885 1045 1948 ostia
1058 1884 1223 1948 fluviorum
1239 1883 1410 1948 Garumnae
1425 1893 1456 1944 et
1470 1879 1603 1966 Ligeris,

330 2012 401 2076 quae
426 1990 537 2056 versds
558 2013 708 2058 osemurn
736 1993 958 2078 amplissimum
982 2004 1100 2078 patent,
1129 2003 1269 2076 ternpore
1297 1988 1537 2074 pleniluniorum
1565 2011 1605 2052 ac

329 2097 559 2162 noviluniorum
579 2100 682 2164 fluxus
704 2099 873 2164 adveniunt
892 2097 970 2162 bord
991 2097 1080 2162 tertii
1102 2097 1324 2184 pomeridiand,
1347 2117 1418 2182 quae
1438 2095 1603 2160 retardatio

329 2201 477 2264 naturalis
498 2203 616 2266 censeri
637 2215 749 2287 potest,
769 2223 871 2288 neque
891 2203 1046 2266 littoribus
1067 2201 1170 2266 adhuc
1190 2202 1331 2276 turbata3
1354 2199 1427 2263 binc
1448 2222 1527 2285 aqua
1547 2201 1604 2263 de·

328 2327 414 2370 mum
429 2306 470 2370 ad
494 2307 598 2372 littora
623 2309 793 2372 Britannia
815 2307 950 2372 Minoris
973 2329 1010 2372 ac
1032 2307 1234 2374 Normanniae
1258 2305 1475 2393 progreditur3
1512 2320 1603 2393 atque
1738 2309 1739 2316 ’

329 2416 445 2480 idcirco
470 2416 520 2480 his
545 2418 579 2480 in
602 2417 781 2504 regionibus
805 2418 909 2480 fluxus
934 2414 1053 2482 tardids
1079 2418 1202 2482 evenus
1226 2417 1437 2479 observantur.
1485 2415 1536 2479 Sic
1560 2415 1601 2477 sd

330 2525 462 2590 Portum
479 2527 511 2590 S.
529 2527 620 2590 Malo
634 2538 775 2611 tempore
789 2527 984 2615 syzygiarum
997 2527 1100 2590 fluxus
1114 2525 1240 2590 demum
1261 2524 1338 2588 bord
1354 2524 1439 2587 sexta
1454 2523 1600 2608 sequitur,

329 2633 371 2698 sd
396 2634 475 2697 ostia
500 2633 575 2698 verb
592 2637 744 2721 Sequanae
766 2657 865 2721 usque
886 2634 926 2698 ad
947 2635 1059 2700 boram
1078 2657 1196 2700 nonam
1216 2633 1408 2697 retardatur:
1446 2645 1537 2718 atque
1559 2633 1603 2696 ita

327 2757 423 2819 porro
444 2739 612 2803 retardatio
633 2753 774 2827 augetur,
796 2741 897 2804 donec
919 2741 1044 2804 tandem
1057 2740 1092 2804 in
1107 2740 1201 2804 Freto
1216 2739 1340 2804 Gallico
1355 2735 1557 2823 Dunlrerquae
1571 2749 1604 2800 et

330 2845 480 2910 Ostendae
494 2849 595 2910 medin
609 2863 701 2912 nocte
722 2850 846 2913 incidat.
892 2849 944 2912 Ex
957 2849 1017 2912 bac
1032 2848 1105 2912 verb
1119 2849 1327 2912 retardatione
1346 2847 1506 2912 innotescit
1518 2847 1599 2909 cele-

328 2954 403 3016 ritas
417 2975 516 3038 aquae,
534 2955 594 3039 qud
604 2957 696 3039 juxta
715 2956 821 3020 littora
840 2956 1047 3043 praemeditun
1071 2977 1168 3042 esque
1186 2967 1272 3020 tanta
1286 2954 1524 3040 deprehenditur
1538 2953 1600 3039 qud

328 3059 389 3124 unia
411 3059 488 3126 horai
503 3063 635 3146 spatium
652 3062 773 3128 circiter
788 3063 831 3147 (†)
848 3073 878 3128 8.
894 3063 1071 3130 milliarium
1086 3064 1239 3128 conficiat
1282 3064 1429 3149 Denique
1442 3085 1521 3148 aqua
1534 3075 1603 3126 tan-

328 3177 391 3230 tam
412 3167 476 3232 fere
490 3169 572 3232 viam
586 3169 744 3234 absolvere
757 3170 851 3234 debet
872 3170 1024 3256 usquead
1044 3169 1229 3247 Dublinum,
1252 3181 1400 3254 quantam
1414 3167 1454 3231 ad
1474 3167 1601 3231 Fretum

329 3273 494 3353 Gallicum,
517 3299 556 3340 ex
572 3297 634 3362 quo
648 3278 750 3342 fluxus
764 3279 856 3342 etiam
876 3278 1009 3342 Dublini
1023 3277 1100 3342 bord
1116 3279 1238 3343 circiter
1251 3277 1370 3343 decimi
1390 3277 1599 3362 pomeridianrl

326 3381 485 3446 observari
498 3383 585 3448 solet
629 3385 734 3470 Atque
749 3384 841 3448 simili
855 3384 950 3449 modo
965 3385 1132 3450 retardatio
1145 3385 1286 3450 fluxuum
1301 3384 1341 3448 ad
1355 3383 1459 3447 littora
1472 3383 1600 3446 aliarum

326 3489 488 3574 regionum
503 3491 568 3554 sine
584 3490 646 3554 ult
661 3491 842 3556 difficultate
856 3491 1004 3575 explicari
1018 3493 1140 3577 poterit.

368 3598 391 3674 §.
410 3602 480 3658 115.
513 3595 609 3672 Quod
634 3609 738 3662 autem
760 3597 802 3660 ad
826 3597 1028 3683 quantitatem
1053 3595 1146 3662 restire
1171 3598 1264 3661 maris
1289 3597 1328 3660 ad
1353 3597 1456 3660 littora
1481 3596 1596 3670 attinet,

324 3697 413 3763 facite
434 3700 617 3787 intelligitur
637 3704 863 3768 aestumrmaris
885 3703 925 3768 ad
946 3705 1052 3770 littora
1070 3705 1216 3788 majorem
1232 3727 1299 3768 esse
1313 3704 1436 3782 debere,
1454 3703 1542 3790 quim
1562 3704 1595 3763 in

323 3806 427 3870 medio
451 3809 540 3872 mari.
585 3807 692 3875 Primb
713 3812 796 3876 eninr
822 3835 903 3898 aqua
923 3835 995 3878 cum
1017 3813 1134 3897 impetu
1157 3813 1197 3876 ad
1219 3813 1324 3876 littora
1344 3813 1452 3890 allidit,
1474 3833 1514 3876 ex
1533 3831 1596 3896 quo

323 3916 441 4001 allapsu
457 3918 523 3982 solo
532 3918 599 4002 jam
612 3919 849 3984 intumescentia
862 3921 937 3984 oriri
951 3921 1053 3984 debet
1097 3904 1222 3986 Deinde
1236 3922 1383 4006 quoniam
1396 3943 1477 4006 aqua
1491 3919 1598 3984 eidem
1738 3989 1739 4020 1

323 4025 489 4102 celeritate,
516 4047 608 4110 quam
629 4027 764 4092 habebat
784 4051 913 4106 oceano,
936 4029 991 4092 ubi
1013 4029 1149 4092 maxima
1163 4041 1209 4093 est
1226 4029 1429 4113 protimditas,
1452 4025 1599 4115 progredi

322 4143 462 4208 conatur,
486 4131 527 4194 ad
548 4131 652 4197 littora
671 4133 801 4218 locaque
822 4134 938 4198 vadosa
951 4133 1148 4198 vehementer
1161 4134 1357 4221 inturgescet,
1380 4146 1501 4198 tantum
1515 4134 1598 4196 enim

321 4235 389 4326 fere
401 4259 491 4322 aquae
504 4235 545 4300 ad
565 4237 672 4302 littora
685 4237 821 4315 affertur,
845 4251 995 4324 quantum
1010 4240 1163 4304 sufficeret
1177 4239 1217 4303 ad
1232 4239 1374 4322 spatium,
1398 4239 1482 4325 quod
1497 4239 1599 4302 Terra

322 4355 464 4427 occupat,
480 4344 703 4410 inundantium.
735 4346 845 4412 Tertid
859 4348 918 4412 iate
932 4369 1022 4434 aquae
1035 4347 1168 4412 affluxus
1181 4349 1213 4410 in
1229 4349 1347 4412 sinibus
1361 4328 1483 4412 vadosis
1497 4347 1598 4411 mtdtb

321 4449 425 4516 adhuc
446 4453 546 4539 magis
567 4453 738 4518 increscere
752 4455 854 4533 debet,
871 4454 910 4520 ed
924 4456 1010 4543 qudd
1023 4479 1104 4542 aqua
1117 4457 1165 4520 bis
1180 4457 1211 4518 in
1226 4455 1303 4521 locis
1314 4459 1380 4542 jam
1393 4457 1526 4520 multum
1542 4477 1598 4540 ap·

318 4611 943 4734 stltttuuttntutunfnl
974 4619 1599 4748 astututttttttuntnlu

317 4741 384 4798 mit
401 4743 431 4788 ab
446 4741 505 4788 ostio
526 4745 654 4792 Garumna
672 4747 701 4794 ad
723 4748 856 4795 Dublinum
874 4749 944 4808 quin·
974 4749 1121 4806 emetiretur3
1143 4749 1207 4796 unde
1219 4749 1368 4798 comittitur
1381 4749 1601 4811 protlmilllaribus

318 4816 389 4866 genta
407 4803 498 4853 circiter
517 4807 600 4857 ltalia
615 4810 723 4858 milliaria
739 4821 892 4860 numerantur
907 4811 945 4858 riri
975 4811 1094 4861 nrtbmda
1105 4813 1267 4876 conjectamus.
