3516 5870
339 495 402 555 812
588 485 854 566 INQUISITIO
879 489 1083 556 PHYSICA
1105 490 1157 556 IN
1181 487 1375 556 CAUSAM

338 656 420 725 unde
434 656 570 722 dilucidd
585 657 724 744 sequitur
736 669 831 724 aestus
845 654 884 720 ei>
898 655 1018 722 arctius
1028 657 1175 754 advenire
1190 658 1314 736 debere,
1327 657 1390 745 qud
1401 657 1462 720 sint
1476 657 1621 742 majores.
1726 739 1727 744 ἵ

336 767 444 851 Atque
464 763 526 828 hoc
547 766 650 851 ipsum
671 763 863 848 experientia
881 763 1055 841 confirmat,
1079 764 1140 850 qui
1155 777 1277 830 constat
1291 776 1384 830 aestus
1400 765 1541 849 majores,
1562 765 1620 848 qni

335 871 419 936 circa
432 870 592 934 novilunia
606 891 643 934 ac
659 869 831 954 plenilunia
845 870 1040 956 contingunt,
1063 867 1181 936 tenditis
1201 871 1323 955 insequi
1336 870 1500 934 transitum
1516 869 1618 932 Lnnae
1726 903 1727 962 3

335 999 393 1066 per
407 979 625 1056 meridianum,
641 977 735 1064 quarn
749 990 843 1042 aesms
857 979 1003 1056 minores,
1027 979 1081 1064 qui
1091 1017 1093 1024 ·
1102 980 1184 1044 circa
1205 978 1409 1064 quadraturas
1424 977 1616 1062 contingunt.

335 1088 418 1156 Crini
434 1090 517 1155 enim
533 1090 626 1155 Luna
640 1089 673 1151 in
687 1087 885 1173 quadraturis
899 1087 1021 1151 circiter
1036 1097 1055 1153 6
1072 1087 1158 1154 horis
1173 1085 1290 1152 tardids
1305 1099 1448 1172 respectu
1465 1085 1545 1150 Solis
1559 1105 1617 1168 per

334 1199 540 1263 meridianum
562 1209 707 1276 transeat,
730 1195 825 1282 quam
838 1197 871 1259 in
887 1197 1030 1282 syzygiis,
1045 1209 1139 1262 astus
1155 1209 1257 1260 tamen
1272 1217 1335 1260 non
1351 1204 1371 1260 6
1387 1193 1472 1258 horis
1488 1191 1614 1270 tardiris,

334 1305 390 1370 sed
405 1317 526 1370 tantum
541 1305 664 1372 circiter
679 1304 719 1381 5}
732 1304 819 1368 horis
834 1302 952 1368 tarditis
967 1302 1087 1368 accidit
1125 1303 1259 1368 Videtur
1272 1300 1347 1368 verd
1362 1303 1454 1366 etiarn
1469 1301 1613 1376 calculus,

335 1411 390 1500 qui
403 1434 464 1497 pro
479 1425 610 1498 utraque
623 1411 654 1474 vi
675 1410 756 1474 Solis
771 1433 808 1474 ac
823 1410 925 1484 Lunae
940 1411 1128 1495 conjunctim
1143 1399 1262 1476 institui
1283 1421 1387 1496 potest
1402 1409 1494 1474 simili
1508 1409 1613 1485 modo,

333 1540 397 1606 qno
418 1541 477 1602 pro
492 1517 557 1581 soli
572 1519 603 1581 vi
619 1516 721 1581 Lnnae
735 1516 872 1594 fecimus,
896 1515 1047 1601 ejusmodi
1062 1516 1299 1582 retardationem
1316 1519 1465 1601 majorem
1480 1518 1512 1578 in
1528 1539 1616 1602 syzy-

211 1631 215 1642 ’
332 1625 392 1714 giis
407 1624 500 1710 quarn
516 1625 549 1687 in
564 1623 761 1709 quadraturis
776 1622 923 1702 indicare,
939 1624 1059 1688 etiamsi
1074 1645 1146 1688 enm
1160 1624 1202 1688 ob
1217 1646 1352 1690 summas
1367 1624 1562 1689 difficulate,
1573 1627 1616 1689 ad
1727 1629 1728 1680 i

332 1735 428 1798 finem
450 1733 622 1818 perducere
643 1753 708 1796 non
729 1732 934 1808 valuerimus3
956 1733 1080 1798 interim
1095 1744 1198 1797 tamen
1213 1733 1286 1796 satis
1300 1732 1428 1816 planum
1444 1745 1491 1796 est
1503 1735 1615 1817 praeci·

331 1861 427 1926 puam
451 1843 516 1926 ejus
540 1861 664 1905 cansam
685 1841 719 1903 in
741 1839 808 1924 ipsi
831 1839 940 1904 naturai
963 1861 1052 1926 aquae
1067 1861 1133 1904 csse
1148 1839 1359 1924 quaerendam.
1406 1841 1490 1904 Haec
1511 1857 1617 1906 autem
1727 1901 1728 1928 ξ

332 1949 424 2014 allatu
445 1949 524 2012 ratio
545 1949 761 2014 retardationis
784 1973 803 2013 a
826 1948 1014 2015 Flamstedio
1028 1950 1163 2014 maxime
1177 1952 1338 2036 probatur,
1360 1950 1475 2036 quippe
1491 1953 1545 2036 qui
1559 1953 1617 2016 ob·

278 2129 283 2136 ,
333 2057 467 2124 servarit
491 2059 660 2124 maximam
683 2060 924 2126 retardationem
949 2083 1013 2125 non
1034 2075 1099 2126 tam
1121 2064 1254 2151 syzygiis
1280 2062 1491 2140 luminarium,
1514 2083 1617 2147 neque

331 2165 492 2230 minimam
518 2167 715 2253 quadraturis
740 2169 939 2253 respondere,
966 2171 1021 2238 sed
1049 2171 1087 2236 iis
1111 2172 1356 2258 tempestatibus,
1387 2171 1499 2256 quibus
1523 2183 1617 2236 oestrrs

331 2276 451 2342 soleant
470 2299 538 2342 esse
557 2277 685 2342 maximi
702 2290 734 2341 et
747 2278 876 2355 minimi,
900 2278 934 2342 id
948 2278 1033 2364 qnod
1047 2279 1174 2344 demum
1194 2292 1265 2364 post
1279 2279 1421 2367 syzygias
1436 2291 1468 2342 et
1482 2280 1618 2364 quadra·

331 2397 419 2451 turas
434 2387 596 2474 contingit

377 2501 401 2577 t.
418 2503 470 2560 91.
497 2493 550 2558 Ad
572 2494 655 2559 hanc
677 2507 782 2560 autem
807 2496 950 2560 fluxuum
976 2520 995 2561 a
1016 2497 1147 2584 syzygiis
1168 2495 1209 2560 ad
1233 2495 1438 2580 quadraturas
1463 2494 1618 2560 accelera-

330 2600 460 2677 tionem,
484 2613 628 2686 respectu
650 2602 796 2667 transitus
823 2601 925 2666 Lunae
948 2624 1004 2688 per
1027 2603 1243 2682 meridianum,
1270 2625 1308 2667 ac
1333 2601 1574 2668 retardationem
1600 2627 1619 2668 a

331 2704 529 2790 quadraturis
553 2709 594 2771 ad
620 2709 770 2796 syzygias,
795 2706 964 2792 plurimum
989 2731 1114 2796 qnoque
1136 2709 1182 2774 vis
1210 2707 1290 2774 Solis
1315 2708 1455 2774 conferre
1481 2709 1616 2774 ridetur.

332 2810 437 2895 Saprd
459 2813 542 2876 enim
559 2815 625 2897 jam
648 2816 851 2880 indicavimus
872 2830 945 2900 post
960 2817 1099 2904 syzygias
1113 2817 1234 2884 fluxum
1250 2818 1414 2882 transitum
1438 2819 1535 2882 Lunae
1555 2841 1617 2901 per

329 2916 537 2982 meridianum
561 2919 744 2985 antecedere
768 2922 892 3000 debere,
924 2924 965 2987 ob
990 2925 1094 2990 Solem
1116 2937 1182 2990 tum
1201 2929 1269 3013 jam
1292 2926 1399 2993 versds
1424 2928 1615 2992 horizontem
1728 2966 1729 3024 3

330 3025 556 3104 declinantem
581 3027 665 3092 unde
679 3029 783 3108 etiam,
799 3030 933 3094 stabilita
948 3031 1069 3112 inertia,
1092 3033 1204 3100 diebus
1219 3034 1378 3098 novilunia
1393 3057 1430 3098 ac
1444 3034 1618 3118 plenilunia
1728 3031 1729 3080 ἕ

329 3134 529 3221 sequentibus
551 3147 645 3199 estus
668 3138 762 3202 maris
784 3137 874 3204 citius
895 3141 1017 3227 insequi
1031 3142 1125 3206 debet
1139 3142 1305 3208 transitum
1328 3144 1430 3208 Lunoe
1450 3165 1507 3228 per
1523 3145 1617 3207 meri-

331 3245 470 3320 diamrm,
497 3241 591 3330 quim
614 3246 648 3309 in
673 3244 748 3329 ipsis
775 3249 918 3336 syzygiis,
946 3249 979 3314 id
1000 3251 1085 3336 quod
1107 3251 1200 3316 etiam
1226 3252 1455 3316 observationes
1481 3251 1614 3315 mirifice

328 3358 531 3432 confirmant3
554 3358 636 3422 inter
656 3357 779 3424 fluxum
800 3359 883 3424 enim
905 3361 1048 3446 quintum
1070 3375 1102 3426 et
1124 3377 1248 3428 sextum
1269 3375 1340 3447 post
1358 3361 1498 3449 syzygias
1513 3373 1611 3426 retar-

328 3465 414 3530 datio
428 3477 571 3550 respectu
587 3466 669 3532 Solis
683 3479 805 3532 tantum
822 3475 861 3537 17
876 3469 985 3534 minut.
1001 3469 1255 3555 deprehenditur,
1266 3469 1338 3536 crim
1348 3483 1452 3536 tamen
1468 3471 1563 3536 Luna
1573 3479 1615 3536 24

328 3571 438 3635 minut.
455 3572 640 3637 retardetur.
683 3573 780 3638 Hanc
796 3575 838 3638 ob
854 3597 954 3640 rema
971 3576 1044 3641 Sole
1057 3577 1281 3670 determinatur
1296 3591 1391 3642 aestus
1405 3577 1446 3642 ad
1460 3577 1616 3641 actionem

328 3679 443 3746 virium
464 3682 563 3769 magis
585 3679 694 3746 exacte
716 3683 915 3769 sequendam,
940 3707 1010 3771 quae
1031 3686 1248 3750 determinatio
1262 3682 1335 3750 cnm
1353 3686 1447 3750 duret
1460 3707 1557 3772 usque
1571 3686 1616 3748 ad

329 3791 543 3876 quadraturas,
567 3791 681 3856 mirum
695 3809 831 3872 nonest,
857 3793 942 3880 qudd
956 3807 1051 3859 astus
1066 3792 1133 3860 tdm
1148 3807 1291 3880 respectu
1314 3796 1416 3860 Lunae
1432 3791 1519 3866 citiirs
1533 3815 1613 3858 con-

328 3899 461 3986 tingant,
478 3899 640 3986 magisque
653 3900 694 3964 ad
709 3899 863 3966 calculum
875 3901 1033 3966 accedant.
1072 3902 1272 3966 Contrarium
1284 3903 1386 3968 evenit
1400 3903 1433 3964 in
1445 3922 1615 3988 progressu

330 4031 349 4074 a
372 4009 571 4096 quadraturis
592 4010 634 4077 ad
654 4013 804 4098 syzygias,
828 4035 890 4098 quo
905 4025 1046 4097 tempore
1059 4025 1153 4076 aestus
1168 4035 1188 4076 a
1203 4013 1276 4078 Sole
1291 4009 1440 4078 continno
1454 4010 1613 4076 retardan-

328 4129 390 4195 tur,
408 4117 531 4204 hocque
545 4117 720 4184 necessario
735 4119 874 4198 efficitur,
899 4131 934 4184 nt
953 4120 1078 4186 tandem
1093 4122 1126 4184 in
1141 4119 1215 4205 ipsis
1231 4121 1362 4207 syzygiis
1376 4121 1480 4184 fluxus
1495 4118 1613 4186 tardius

328 4225 512 4313 insequatur
535 4225 638 4292 Lunae
662 4228 914 4292 criminationem
939 4226 1033 4313 qudrn
1057 4229 1090 4292 in
1117 4228 1322 4314 quadraturis.
1383 4225 1480 4292 Hanc
1509 4239 1613 4292 autem

328 4335 483 4400 rationem
505 4357 577 4400 oum
598 4335 814 4423 magnitudine
836 4333 930 4398 aestris
952 4335 1200 4424 conjungendam
1226 4357 1293 4398 esse
1315 4347 1460 4419 putamus
1482 4335 1523 4399 ad
1544 4335 1614 4396 haec

328 4441 537 4526 phaenomena
550 4445 688 4531 perfecte
703 4444 897 4530 explicanda,
915 4445 1083 4529 saepissime
1097 4444 1178 4508 enim
1200 4443 1234 4506 in
1248 4443 1308 4510 haic
1322 4445 1492 4530 quaestione
1507 4443 1613 4528 plures

328 4570 431 4614 causae
454 4552 495 4619 ad
517 4553 651 4618 eundem
673 4553 816 4618 effectum
837 4553 1075 4638 producendum
1096 4564 1301 4628 concurrunt3
1324 4551 1384 4616 hoc
1399 4565 1503 4618 autem
1518 4566 1565 4616 est
1581 4551 1614 4613 id
1650 4627 1653 4632 Ι

330 4652 433 4739 ipsum
454 4659 540 4742 qnod
561 4659 698 4725 calculus
718 4661 772 4726 ille
794 4658 991 4748 summopere
1012 4659 1187 4744 implicatus
1212 4674 1243 4725 et
1265 4659 1414 4724 molestus
1437 4660 1526 4746 quasi
1556 4681 1615 4742 per

328 4777 526 4830 uarucrmam
542 4767 705 4834 ostendere
720 4768 803 4834 viam
818 4781 873 4833 ast.
