3516 5870
429 509 620 578 FLUXUS
642 509 702 574 AC
726 509 978 577 REFLUXUS
1001 511 1158 612 MARIS.
1367 519 1425 576 331

154 689 245 773 pulsa
265 689 306 754 ad
325 691 423 756 latera
443 692 584 769 diffluere
598 693 716 778 nequit,
739 693 766 756 si
787 694 912 778 quidem
928 693 1013 760 sinus
1029 693 1144 760 directe
1158 691 1265 758 versds
1280 713 1348 756 eam
1362 691 1431 775 pla·

155 820 226 882 gam
248 812 362 883 pateat,
386 800 469 865 unde
491 823 570 885 aqua
581 791 762 866 advehitur.
808 802 859 865 Ex
874 803 922 866 his
936 805 1032 891 igitur
1046 825 1110 868 non
1125 804 1225 867 solum
1241 801 1319 864 ratio
1333 811 1428 884 patet,
1518 825 1519 828 ’

154 927 210 968 cur
232 929 312 990 aqna
332 905 395 970 fere
411 907 523 991 ubique
538 907 579 970 ad
593 907 698 972 littora
718 909 758 972 ad
779 909 878 973 multo
898 913 1047 995 majorem
1068 911 1262 974 altitudinem
1283 909 1428 983 elevetur,

154 1010 246 1096 quim
269 1014 301 1076 in
322 1011 424 1078 medio
444 1014 533 1090 mari,
557 1014 611 1077 sed
633 1016 726 1077 etiam
749 1037 805 1078 cur
827 1015 966 1079 Bristolii
988 1029 1049 1078 tam
1072 1019 1206 1080 enormis
1220 1017 1323 1078 fluxus
1346 1014 1428 1076 circa

154 1121 294 1208 syzygias
307 1123 504 1186 lumnarium
518 1122 714 1198 observatum
740 1123 812 1186 cdm
826 1125 909 1188 enim
923 1125 955 1188 in
970 1125 1030 1189 htc
1043 1125 1171 1213 regione
1184 1126 1270 1188 littus
1284 1125 1324 1188 sit
1338 1121 1428 1186 valde

156 1228 315 1292 sinuosum
329 1249 365 1292 ac
379 1228 539 1304 vadosum,
556 1251 636 1314 aque
649 1229 784 1294 maximia
799 1230 829 1293 vi
848 1231 1022 1316 appellitur,
1045 1253 1147 1318 neque
1161 1233 1202 1295 ob
1218 1232 1430 1294 sinuositatem

155 1343 217 1394 tam
233 1330 295 1396 ciui
309 1331 448 1396 diffluere
462 1344 575 1416 potest.
619 1335 726 1420 Atque
740 1357 780 1400 ex
799 1335 848 1400 his
869 1337 1030 1422 principiis
1045 1359 1109 1400 non
1123 1337 1182 1401 erit
1196 1335 1320 1402 difficile
1334 1335 1429 1400 ratio-

151 1461 222 1503 nem
238 1438 491 1502 inconsuetorum
505 1453 647 1517 motuum,
662 1443 716 1528 qui
729 1443 844 1526 passim
859 1445 891 1508 in
905 1445 998 1508 variis
1011 1443 1163 1528 portubus
1178 1443 1429 1507 aninadvertun-

150 1559 211 1624 tur,
238 1546 378 1608 indicare
401 1557 495 1632 atque
519 1549 693 1634 explicare3
725 1552 927 1637 quamobrem
949 1553 1042 1636 hujus
1067 1554 1190 1640 generis
1215 1549 1429 1635 phoenomenis

151 1649 342 1734 explicandis
364 1651 481 1716 diutids
502 1674 566 1718 non
587 1654 799 1734 immoramur,
821 1656 895 1722 edm
907 1657 1114 1722 consideratio
1127 1659 1266 1722 littorum
1281 1668 1313 1720 et
1325 1655 1430 1719 fluxus

151 1777 242 1841 aquae
256 1759 295 1818 ed
312 1771 422 1840 sponte
436 1759 523 1844 quusi
538 1761 735 1826 manuducat.
1392 1807 1398 1818 ι

193 1871 217 1947 t.
237 1874 306 1930 116.
331 1866 482 1943 Quamvis
496 1881 600 1932 autem
614 1880 677 1932 tam
691 1867 824 1934 affluxus
839 1893 929 1957 aquae
942 1893 983 1936 ex
998 1873 1127 1937 Oceano
1142 1872 1311 1948 Atlantico,
1334 1867 1428 1956 qudm

150 1973 288 2036 refluxus
308 1995 366 2058 per
382 1973 509 2038 Fretum
526 1975 661 2040 Gelliam
681 1977 723 2040 ab
744 1977 860 2064 Angue
882 1979 1039 2056 dirirnem
1061 1981 1179 2066 ingenti
1195 1979 1249 2043 fiet
1263 1979 1427 2054 celeritate,

149 2094 257 2146 tamen
279 2079 352 2144 otim
373 2079 479 2146 versds
503 2082 647 2169 Belgium
668 2083 854 2149 foederatum
873 2107 959 2150 mare
972 2107 1047 2149 mox
1062 2087 1259 2150 vehementer
1272 2085 1428 2160 dilatetur,

149 2192 189 2256 ab
204 2193 264 2256 isto
279 2193 400 2260 alterno
414 2193 503 2258 fluxu
517 2217 554 2258 ac
569 2195 690 2263 refluxu
704 2195 835 2260 altitudo
853 2199 947 2260 maris
962 2199 994 2260 in
1011 2197 1140 2262 Oceano
1156 2197 1344 2262 Gennenico
1360 2215 1430 2258 sen-

149 2301 277 2366 sibiliter
299 2303 411 2366 mutari
432 2304 549 2388 nequit.
594 2305 700 2390 Atque
721 2303 803 2390 hanc
827 2305 869 2368 ob
894 2327 1018 2368 causam
1040 2305 1132 2368 statui
1158 2317 1290 2389 oportet,
1314 2304 1347 2367 in
1369 2301 1430 2364 hoc

149 2410 229 2474 mari
250 2425 361 2476 aestum
382 2411 539 2497 proficisci
560 2413 728 2476 maximam
741 2426 863 2497 partem
877 2414 917 2476 ab
932 2413 1050 2478 effluxu
1064 2425 1096 2477 et
1109 2413 1230 2476 refluxu
1245 2433 1334 2497 aquea
1348 2411 1430 2474 cirea

150 2520 299 2597 Scotiam,
324 2520 377 2584 ubi
398 2520 637 2585 communicatio
657 2519 750 2606 hujus
770 2521 865 2584 maris
890 2543 962 2586 cum
988 2521 1117 2587 Oceano
1144 2519 1302 2584 Atlantico
1330 2517 1430 2580 multo

147 2627 246 2710 major
259 2638 358 2710 patet3
373 2649 467 2712 quam
481 2627 664 2691 sententiam
679 2649 872 2714 magnopere
884 2628 1048 2692 confirmat
1063 2628 1173 2714 ingena
1187 2639 1319 2690 aestuum
1334 2635 1431 2688 retar-

152 2730 238 2795 datio
261 2732 303 2800 ed
324 2732 429 2796 littora
451 2731 553 2818 Belgii
574 2745 606 2796 et
627 2733 753 2820 anglie
774 2733 1127 2798 orientaliaobservata:
1151 2733 1191 2796 ad
1213 2733 1292 2796 ostia
1313 2729 1432 2794 scilicet

148 2835 307 2900 Thamisis
321 2836 470 2922 pertingit
480 2837 585 2902 fluxus
596 2838 707 2922 elapsis
716 2841 785 2922 jum
794 2838 959 2903 duodecim
972 2839 1060 2902 horis
1072 2851 1144 2922 post
1153 2837 1318 2902 transitum
1329 2835 1432 2900 Lunae

147 2961 205 3024 per·
219 2941 439 3017 meridianum,
454 2954 547 3027 atque
562 2943 744 3008 Londinum
754 2944 1133 3030 mquetribuaferdhoris
1147 2941 1431 3016 tardidsdefertu13

150 3044 236 3130 quod
257 3043 488 3127 phaenomenon
510 3047 677 3114 consistere
697 3067 762 3108 non
783 3061 888 3128 posset
908 3050 934 3108 si
955 3069 1035 3130 aqua
1048 3068 1106 3128 per
1128 3048 1257 3108 Fretum
1273 3045 1432 3113 Gallicum

148 3149 253 3214 soltim
268 3163 457 3228 moveretur,
470 3149 542 3214 etun
548 3152 615 3234 jam
625 3151 737 3234 inipso
748 3150 842 3214 Freto
856 3149 1019 3214 duodecim
1033 3151 1119 3213 horis
1133 3149 1429 3224 retardeturfluxus.

152 3259 283 3322 Interim
307 3271 411 3322 temen
433 3259 542 3343 negari
565 3280 630 3321 non
652 3268 754 3341 potest
775 3258 851 3342 quin
872 3258 1110 3322 communicatio
1132 3257 1234 3322 Maris
1249 3256 1430 3322 Germanici

127 3369 129 3376 ⁴
149 3389 223 3432 cum
236 3369 367 3434 Oceano
377 3369 536 3434 Atlantico
550 3389 607 3452 per
623 3367 751 3434 Fretum
767 3352 923 3432 Gallicum
938 3379 1047 3430 matum
1062 3366 1292 3452 quodammodo
1306 3366 1428 3443 afficiat,

150 3487 243 3560 atque
257 3476 379 3540 fluxum
393 3476 446 3561 qui
461 3476 543 3538 circa
559 3474 695 3538 Scotiam
709 3471 872 3537 advehitur
886 3472 936 3536 vel
949 3473 1073 3557 adjuvet
1086 3471 1136 3536 vel
1150 3472 1263 3549 turbet,
1286 3484 1380 3558 prout
1394 3471 1429 3536 hi

125 3649 129 3657 ,
149 3581 243 3646 ambo
256 3593 360 3646 motus
374 3581 415 3646 ad
429 3603 515 3646 mare
530 3579 713 3647 elevandum
727 3601 764 3642 ac
778 3577 1016 3662 deprimendum
1031 3577 1079 3642 vel
1092 3577 1192 3664 magia
1206 3578 1287 3642 inter
1302 3601 1337 3642 se
1351 3601 1426 3642 con·

150 3691 271 3774 spirent
283 3689 332 3754 vel
346 3691 459 3754 minus.
505 3689 604 3756 Simul
618 3702 721 3754 autem
735 3688 809 3770 hinc
823 3687 1003 3775 intelligitur
1013 3700 1123 3752 mamm
1138 3687 1231 3751 maris
1246 3709 1286 3750 ex
1300 3686 1429 3752 Oceano

154 3797 311 3860 Atlantico
332 3817 434 3881 neque
454 3818 526 3860 cum
547 3795 633 3860 Mari
655 3795 889 3860 Mediterraneo
903 3815 1005 3880 neque
1019 3815 1089 3858 cum
1106 3791 1190 3858 Mari
1209 3793 1330 3856 Baltico
1344 3815 1429 3856 com·

153 3903 302 3966 municari
323 3925 424 3988 posse,
448 3902 519 3968 crim
533 3903 694 3968 intervallo
710 3925 763 3966 sex
778 3901 926 3966 horarum
941 3923 998 3985 per
1014 3901 1109 3964 Freta
1124 3897 1284 3964 Herculea
1297 3910 1329 3962 et
1344 3897 1425 3963 Ore-

153 4007 283 4070 sundica
292 4021 410 4076 tantum
419 4032 510 4096 aqum
521 4011 633 4074 inhaec
642 4009 741 4074 maria
749 4031 851 4095 neque
860 4007 987 4072 affluere
996 4019 1088 4092 queat
1095 4026 1196 4091 neque
1207 4003 1279 4066 inde
1287 4004 1428 4081 refluere,

151 4129 188 4178 ut
197 4115 347 4190 sensibilis
360 4121 490 4182 mutatio
504 4118 535 4182 in
550 4117 715 4182 altitudine
729 4117 902 4203 aquatoriri
916 4127 1017 4201 queat.
1048 4113 1260 4190 Quamobrem
1274 4112 1306 4176 in
1322 4113 1425 4176 istius·

152 4220 239 4284 modi
259 4221 395 4284 maribus
410 4245 480 4308 quae
494 4247 513 4288 a
527 4235 613 4288 vesto
628 4243 745 4288 oceano
765 4235 887 4287 tantum
900 4221 1039 4309 angustis
1052 4219 1137 4284 fretis
1152 4231 1344 4304 separantur,
1367 4239 1426 4282 oes·

151 4343 203 4408 tus
219 4329 347 4392 omnino
362 4331 464 4394 nullus
479 4333 658 4420 contingere
677 4345 789 4417 potest,
812 4334 872 4396 nisi
891 4331 969 4397 forte
983 4331 1056 4396 talia
1070 4332 1166 4396 maria
1181 4329 1289 4395 Terris
1310 4327 1429 4392 inclusa

150 4436 223 4520 ipse
236 4447 300 4498 tam
316 4435 378 4498 sint
392 4436 504 4519 ampla,
521 4450 556 4502 ut
570 4439 650 4502 vires
667 4439 748 4504 Solis
763 4459 799 4502 ec
815 4438 916 4503 Luuae
930 4449 1040 4502 testum
1053 4437 1242 4522 peculiarem
1256 4436 1289 4499 in
1303 4434 1340 4497 iis
1354 4453 1428 4517 pro-

152 4541 268 4606 ducere
283 4554 413 4626 queant;
436 4542 495 4627 qui
511 4543 550 4606 de
564 4567 598 4608 re
613 4567 688 4608 mox
702 4545 883 4609 videbimus.

194 4655 219 4731 ᾗ.
238 4657 309 4716 117.
333 4647 606 4724 Quemadmodum
628 4666 731 4718 nutem
752 4652 885 4717 vidimus
907 4653 940 4716 in
962 4653 1047 4717 Mari
1064 4651 1251 4718 Germanico
1273 4650 1428 4736 duplicem
