3516 5870
368 521 374 534 ·
397 485 587 554 FLUXUS
608 486 670 551 Ac
696 483 950 554 REFLUXUS
972 487 1131 552 Mettis.
1341 499 1403 556 ³05

124 659 280 746 gravitatis
301 661 347 724 vis
369 672 450 724 esset
470 656 590 724 infinite
612 679 727 744 magna
747 670 889 742 respectu
911 661 1023 724 virium
1046 661 1147 724 Lunee
1169 672 1200 724 et
1224 661 1313 739 Solis,
1336 675 1404 728 mm

124 768 215 832 etiem
229 767 334 832 nullus
348 781 442 832 aestus
457 767 608 840 oriretur;
624 763 737 828 deinde
752 763 815 850 qud
829 768 928 854 magis
943 778 962 833 8
981 791 1004 854 g
1018 768 1059 832 ad
1076 777 1090 832 1
1109 767 1236 846 accedit,
1253 765 1292 832 ed
1305 771 1405 854 major
1436 779 1441 787 '

122 875 260 959 prodibit
273 887 376 953 estus,
393 876 446 961 qui
466 873 545 938 adeo
566 874 598 934 in
612 872 769 936 infinitum
784 895 963 940 excreseere
978 890 1083 961 posset
1097 878 1124 940 si
1138 877 1219 941 soret
1234 888 1252 940 8
1268 901 1291 965 g
1311 903 1342 938 =
1365 889 1401 956 13

121 983 181 1048 hoc
203 983 319 1068 quippe
339 1005 411 1046 casu
435 981 480 1044 vis
506 980 607 1045 Lunae
632 981 815 1068 gravitatem
841 997 1011 1066 superaret,
1039 1007 1208 1072 omnesque
1237 1011 1333 1074 aquas
1360 990 1401 1053 ad

123 1091 246 1156 Lunam
261 1089 446 1165 attraherem
470 1088 555 1174 quod
569 1102 673 1154 eutem
686 1091 756 1154 fieri
769 1113 834 1158 uou
847 1103 963 1175 potest,
985 1091 1085 1156 multo
1099 1093 1201 1158 minus
1217 1109 1321 1180 autem
1335 1120 1402 1162 esse

119 1213 221 1286 potest
235 1210 254 1264 8
269 1222 292 1286 g
309 1200 345 1276 ζ)
372 1208 400 1276 l,
419 1198 505 1286 quod
520 1211 625 1263 temen
639 1200 666 1264 si
685 1200 831 1278 eveniret,
848 1201 984 1264 maximo
998 1201 1129 1265 elevatio
1143 1203 1286 1286 appulsui
1302 1204 1402 1268 Lunae

120 1311 160 1374 ed
181 1309 384 1386 horizontem,
406 1309 605 1396 maximeque
627 1309 785 1394 depressio
807 1310 909 1375 Lunoe
930 1309 1136 1375 meridianum
1162 1313 1327 1398 occupanti
1353 1336 1402 1378 re·

119 1416 295 1502 sponderet

159 1531 183 1605 §.
199 1531 251 1612 ⁸²?
276 1520 358 1586 cum
381 1521 476 1608 igitur
498 1543 587 1608 aque,
611 1522 638 1585 si
661 1520 770 1588 inertie
793 1535 921 1602 careret,
945 1522 1079 1610 agitetur
1092 1543 1150 1608 per
1164 1523 1296 1606 spatium
1313 1525 1353 1590 M
1369 1527 1401 1592 N

122 1695 155 1730 =
173 1642 248 1796 S-hss,
273 1667 366 1754 suprd
388 1681 491 1734 sutem
513 1677 537 1753 t.
553 1678 604 1733 41.
628 1671 737 1735 elidem
762 1669 822 1735 htc
841 1671 1015 1757 hypothesi,
1038 1671 1099 1758 qud
1117 1683 1181 1735 tum
1202 1671 1289 1736 locus
1305 1672 1397 1758 quim

118 1841 210 1906 Luna
232 1842 266 1906 in
288 1855 446 1928 oequatore
469 1843 605 1927 ponitur,
630 1866 743 1930 equam
767 1843 881 1908 elevari
906 1867 1001 1929 supra
1025 1843 1161 1907 libellam
1186 1864 1243 1927 per
1266 1846 1399 1928 spatium

117 1996 212 2066 meo
239 1988 365 2073 pedum,
392 1986 473 2051 infre
497 2008 566 2051 eam
594 1988 669 2052 verd
694 1987 827 2072 deprimi
853 1989 953 2072 spatio
981 1997 1075 2066 1,112
1101 1989 1226 2072 pedum,
1255 1961 1400 2116 eritllffb'

121 2223 153 2258 ε.-
173 2203 268 2277 3,379
292 2197 416 2282 pedum,
439 2183 627 2326 ideoque-fi.
650 2223 682 2258 =
705 2205 798 2276 1,124
814 2197 931 2283 pedum
953 2223 984 2257 =
1008 2208 1021 2263 1
1041 2169 1214 2325 {pedum
1240 2196 1398 2273 Quoniam

102 2366 190 2431 ‘vero
205 2368 290 2431 velor
312 2367 407 2451 ipsius
421 2389 528 2455 geum
543 2369 661 2434 unitate
676 2380 881 2452 comparetur,
905 2368 977 2432 ideo
991 2368 1085 2444 venit,
1106 2367 1192 2452 quod
1206 2381 1328 2452 tempus
1342 2389 1399 2451 per

114 2479 217 2560 ipsum
233 2497 340 2540 arcum
355 2476 461 2540 circuli
477 2479 563 2562 cujus
578 2476 682 2540 radius
699 2488 745 2540 est
766 2502 797 2536 =
821 2485 834 2540 l
854 2477 1080 2560 expressimus:
1103 2475 1178 2539 hinc
1193 2477 1297 2561 itaque
1311 2475 1399 2538 valor

114 2584 211 2668 ipsius
233 2607 255 2670 g
277 2595 419 2666 respectu
434 2584 560 2647 unitatis
575 2583 741 2647 definietur
761 2595 901 2666 tempore
917 2581 1026 2646 eodem
1042 2581 1136 2644 modo
1152 2603 1310 2666 expresso,
1335 2605 1398 2667 quo

114 2711 194 2775 equs
215 2689 249 2751 in
273 2687 313 2752 M
334 2710 432 2774 usque
454 2689 601 2774 depressa
623 2688 687 2754 sold
709 2691 741 2752 vi
761 2689 921 2776 gravitatis
944 2712 977 2753 se
999 2688 1076 2752 inC
1099 2689 1283 2768 restitueret,
1312 2689 1397 2776 quod

112 3921 234 3996 tempus
255 3937 294 3976 ex
317 3911 556 3977 circumstantiis
571 3909 659 3975 focile
672 3912 788 3996 poterit
802 3910 967 3974 aestimeri:
989 3909 1128 3994 prodibit
1142 3919 1245 3974 eutem
1259 3929 1316 3992 per
1331 3907 1393 3972 eel-

112 4058 217 4124 eulrun
232 4073 352 4148 tempus
367 4062 459 4149 hujus
475 4059 674 4127 restitutionis
691 4085 722 4118 =
739 4046 782 4185 ἐ.
801 4041 911 4144 eft-g,
935 4057 1101 4122 denotante
1120 4083 1141 4120 e
1158 4053 1394 4141 semi-periphe-

114 4233 194 4298 riom
210 4233 318 4298 circuli
338 4233 459 4300 redium
478 4259 510 4294 =
534 4241 548 4300 l
573 4232 726 4310 habende,
747 4255 802 4296 seu
817 4245 939 4313 tempus
954 4228 1117 4292 duodecim
1136 4228 1284 4292 horarum
1305 4229 1394 4291 lune-

111 4383 204 4446 rium.
251 4380 346 4458 Quod
362 4385 387 4447 si
401 4383 493 4472 igitur
509 4383 662 4448 restitutio
683 4393 818 4466 ponetur
832 4391 903 4446 actu
917 4380 985 4445 fleri
1007 4393 1146 4465 tempore
1173 4349 1211 4506 ἒξ
1234 4379 1392 4456 hornum,

110 4583 222 4722 erit}
243 4621 274 4655 =
294 4561 426 4723 3123&
440 4608 508 4684 etg
526 4623 557 4658 =
577 4569 652 4725 gi,
669 4621 709 4662 ex
724 4619 787 4684 quo
801 4599 998 4682 perspicuum
1013 4609 1069 4678 est,
1082 4595 1145 4683 qud
1160 4595 1250 4660 citids
1265 4618 1346 4682 aque
1361 4617 1393 4659 se

112 4765 237 4851 proprii
260 4765 315 4831 sui
338 4767 368 4832 vi
390 4768 551 4832 restituere
565 4768 674 4846 valeat,
697 4766 735 4832 ed
750 4767 852 4832 mimis
866 4791 1064 4834 excessurum
1079 4791 1146 4834 esse
1162 4769 1295 4855 spatium
1316 4767 1347 4830 A
1365 4765 1393 4830 B

156 4879 162 4892 '
729 4878 778 4927 Ys
938 4877 939 4882 ’
