3564 5864
393 497 458 554 240
685 489 750 555 DE
773 487 926 554 CAUSA
951 484 1156 552 PHYSICA
1178 483 1369 550 FLUXUS

395 663 506 727 eodem
527 661 645 726 circulo
666 661 816 748 aequatori
830 645 1202 745 parallelo'perseverare,
1224 657 1274 720 vel
1288 656 1482 720 latitudinem
1497 655 1629 720 eandem
1644 655 1682 720 in

394 773 524 862 singulis
546 773 788 838 revolutionibus
811 794 943 850 servare,
966 783 997 835 et
1021 769 1226 834 variationem
1248 766 1393 832 ascensius
1417 789 1515 853 aquae,
1542 788 1614 854 quae
1636 787 1680 830 ex

395 883 497 972 figurd
514 881 718 968 sphaeroidict
734 883 844 949 Terrae
858 881 1011 966 provenit,
1027 901 1092 942 non
1107 877 1349 944 consideramus.

846 1112 1131 1179 PROPOSITIO
1154 1110 1230 1176 VII.

382 1291 499 1376 'Mona
513 1331 599 1396 uquae
613 1311 752 1375 uebaue
767 1331 803 1372 ee
819 1311 964 1392 inoeqimli
978 1310 1142 1384 velocitate,
1159 1305 1219 1392 qud
1233 1325 1359 1388 corpora
1373 1307 1455 1368 circa
1470 1327 1556 1368 arcem
1572 1305 1677 1368 Tcrroe

833 1429 913 1482 motu
927 1421 1037 1482 diurno
1051 1418 1234 1502 deferuntur.

437 1608 563 1691 Quippe
584 1609 610 1670 si
631 1630 720 1694 aquae
735 1608 832 1672 moles
847 1607 963 1673 feratur
977 1621 1065 1686 aestu,
1089 1608 1139 1672 vel
1152 1607 1211 1672 alil
1227 1607 1267 1670 de
1281 1605 1384 1683 causa,
1407 1605 1447 1669 ad
1455 1589 1610 1690 ⁴majoram
1624 1605 1676 1667 vel

391 1713 544 1776 minorem
558 1713 598 1776 ab
613 1727 771 1799 oequamre
786 1714 972 1792 distantiam,
988 1714 1105 1778 incidet
1118 1714 1151 1776 in
1167 1735 1278 1798 aquam
1290 1710 1409 1776 diversit
1422 1711 1582 1776 velocitate
1591 1711 1675 1774 circa

393 1843 484 1884 axen.
508 1820 616 1884 Terrae
638 1821 751 1896 letam3
774 1821 858 1886 unde
879 1821 962 1884 illius
978 1833 1098 1886 motum
1113 1820 1231 1885 turbari
1246 1841 1371 1884 necesse
1387 1829 1442 1880 est.
1487 1815 1675 1881 Differentia

391 1928 592 1992 velocitatum
606 1930 719 2014 quibus
734 1951 875 2014 corpora,
892 1929 1027 2014 exempli
1041 1929 1151 2016 gratid,
1168 1930 1201 1992 in
1215 1928 1285 1992 loco
1301 1935 1376 1992 50⁸¹.
1392 1926 1431 1989 ab
1443 1940 1599 2012 aequatore
1611 1925 1674 1989 dis-

391 2036 460 2114 sito,
477 2049 508 2100 et
523 2037 555 2099 in
569 2037 639 2100 loco
663 2047 702 2102 86
725 2036 846 2102 tnntrim
860 2039 1002 2103 milliaria
1016 2039 1116 2126 magis
1131 2037 1238 2102 versds
1258 2037 1500 2122 septentrionem
1515 2051 1672 2122 vergente,

390 2145 489 2228 major
504 2157 550 2209 est
564 2143 658 2230 qudm
672 2144 733 2230 qud
757 2154 775 2216 7
799 2147 941 2211 milliaria
960 2148 1089 2244 singolis
1104 2148 1189 2212 horis
1204 2147 1441 2224 describeretur,
1464 2159 1499 2209 ut
1512 2145 1593 2209 facili
1609 2145 1674 2209 cal-

390 2257 461 2322 culo
483 2258 611 2342 patebit.
657 2255 802 2343 Cumque
823 2271 925 2324 motus
946 2261 1040 2324 maris
1061 2271 1165 2326 tantus
1185 2278 1409 2344 nonnunquam
1429 2258 1468 2321 sit
1485 2270 1521 2322 ut
1537 2269 1631 2320 aestus
1652 2265 1673 2320 6

388 2363 539 2440 milliaria,
566 2363 614 2427 vel
635 2366 729 2428 etiem
749 2365 841 2449 plura
862 2367 991 2453 singulis
1012 2367 1097 2431 horis
1113 2367 1277 2444 describat,
1301 2365 1427 2431 effectus
1442 2367 1494 2452 qui
1508 2365 1582 2428 hinc
1596 2365 1673 2428 oriri

389 2483 522 2556 possunt
535 2493 599 2535 non
615 2485 688 2535 sunt
702 2473 930 2536 contemnendi.

433 2578 468 2642 Si
481 2601 563 2664 aqua
577 2577 733 2642 deferatur
747 2602 766 2642 a
780 2579 910 2644 meridie
924 2578 1031 2644 verstis
1051 2581 1293 2666 septentrionem
1307 2593 1394 2644 motu
1415 2578 1551 2666 generali
1566 2576 1671 2655 aestds,

388 2682 437 2746 vel
460 2683 519 2747 alid
547 2683 654 2770 quavis
680 2684 720 2748 de
746 2683 848 2762 causti,
876 2708 984 2750 cursus
1010 2709 1099 2774 equae
1125 2686 1199 2749 hinc
1222 2686 1372 2771 paulatim
1397 2684 1539 2749 deflectet
1563 2681 1672 2748 versds

387 2791 550 2867 orientem,
565 2792 713 2876 quoniam
727 2815 808 2877 aqua
821 2791 909 2877 priris
924 2793 1078 2858 serebatur
1092 2807 1180 2859 motu
1195 2792 1308 2858 diurno
1323 2791 1429 2856 versds
1444 2791 1525 2856 hanc
1545 2791 1671 2879 plagam

386 2899 497 2981 majori
519 2898 679 2962 velocitate
701 2897 795 2983 quim
817 2911 864 2962 est
886 2922 923 2962 ee
944 2921 1014 2985 quac
1036 2903 1180 2964 convenit
1200 2901 1270 2966 loco
1292 2901 1390 2987 magis
1412 2897 1519 2962 versds
1542 2899 1671 2964 boream

387 3003 457 3066 sito.
504 3001 623 3066 Contrei
645 3002 671 3066 si
693 3027 775 3088 aqua
795 3027 814 3068 a
836 3005 1046 3088 septentrione
1067 3004 1174 3070 vereris
1196 3006 1358 3070 meridiem
1372 3005 1539 3082 deferatur,
1562 3028 1669 3070 cursus

389 3135 480 3200 aquae
502 3113 543 3178 ob
565 3113 697 3178 similem
712 3137 837 3180 causam
852 3115 959 3180 versirs
974 3117 1166 3182 occidentem
1182 3117 1333 3181 deflectet.
1378 3115 1482 3200 Atque
1496 3115 1570 3178 hinc
1585 3117 1670 3180 varia

385 3221 488 3286 motuis
518 3223 611 3286 maris
638 3222 847 3306 phoenomena
875 3226 950 3288 oriri
984 3226 1185 3310 suspicamur.
1247 3225 1334 3290 Hinc
1363 3223 1502 3303 forsitan,
1533 3225 1669 3309 exempli

383 3334 499 3420 gratid,
516 3347 637 3398 montes
652 3334 797 3422 glaciales
813 3357 883 3422 quae
899 3359 939 3400 ex
953 3337 1081 3402 Oceano
1099 3336 1223 3402 Boreali
1237 3334 1462 3423 digrediuntur,
1479 3333 1669 3420 frequentiis

385 3445 620 3526 conspiciuntur
634 3446 667 3508 in
682 3445 865 3509 occidentali
881 3444 974 3530 qudm
988 3446 1130 3510 orientali
1147 3443 1266 3509 Oceani
1280 3443 1429 3509 Atlantici
1444 3441 1545 3530 plagii.
1580 3441 1669 3518 Quin

384 3567 415 3618 et
436 3557 568 3641 majores
590 3569 683 3620 oestus
706 3555 779 3618 hinc
801 3558 876 3619 cieri
896 3578 988 3641 posse
1010 3557 1042 3619 in
1063 3555 1205 3641 pluribus
1227 3552 1303 3618 locis
1317 3551 1411 3639 qudm
1425 3553 1478 3638 qui
1494 3573 1533 3615 ex
1548 3551 1669 3615 calculo

332 3673 335 3678 “
383 3660 496 3726 virium
520 3664 601 3728 Solis
623 3676 655 3726 et
677 3663 779 3726 Lunae
798 3663 965 3747 prodeunt,
981 3662 1086 3728 habiat
1101 3663 1221 3728 ratione
1235 3659 1416 3738 latitudinis,
1433 3659 1595 3724 verisimile
1610 3673 1668 3723 est.

386 3769 527 3834 Eandem
552 3793 676 3835 causam
700 3771 742 3834 ad
768 3783 875 3834 ventos
899 3774 1073 3856 praesertim
1099 3772 1344 3836 vehementiores
1372 3767 1600 3856 propagandos,
1636 3783 1669 3833 et

383 3899 609 3965 nonnunquam
624 3877 783 3966 augendos
798 3879 847 3944 vel
860 3879 1056 3958 minuendos,
1080 3881 1200 3968 aliaque
1215 3895 1281 3946 tum
1295 3882 1375 3946 aeris
1391 3894 1456 3945 tum
1469 3879 1563 3944 maris
1577 3878 1667 3964 phae-

382 4009 517 4050 nomena
541 3987 746 4070 producenda
771 3989 945 4054 conducere
972 3991 1174 4076 suspicamur.
1231 3991 1293 4057 Sed
1318 3992 1388 4056 haec
1401 4014 1486 4058 nuuc
1509 3989 1666 4078 sigillatim

382 4095 528 4180 prosequi
543 4115 606 4158 uon
622 4095 702 4160 licet.
