3570 5876
133 547 245 616 unsa
259 543 442 622 Tannus]
487 539 731 610 PRINCIPIA
754 541 1124 612 MATHEMATICA'.
1380 553 1421 616 97

174 719 276 784 Porro
297 715 367 780 fieri
389 724 494 798 potest
507 724 544 778 ut
566 725 661 780 oestus
681 725 875 800 propagetur
890 714 933 778 ob
947 727 1065 778 oceano
1079 737 1137 800 per
1150 713 1230 780 freta
1244 714 1367 780 diversa
1381 716 1422 779 ad

132 827 266 894 eundem
281 837 417 908 portum,
434 836 466 888 et
478 823 571 890 eitius
585 834 724 890 transeat
738 846 795 908 per·
810 824 913 909 ulique
928 823 1007 888 fieta
1021 821 1114 910 quim
1129 847 1187 908 per
1201 825 1280 892 alia:
1311 825 1423 910 quoin

131 958 206 1004 oasu
220 949 317 1002 aestus
330 935 424 1010 idern,
448 934 481 999 in
504 933 583 998 duos
598 933 649 1000 vel
663 935 769 1018 plures
784 933 957 1002 successive
972 933 1171 1003 advenientes
1186 935 1312 1012 divisus,
1336 957 1422 1000 oom-

131 1067 251 1132 ponere
275 1044 373 1128 possit
397 1054 500 1108 motus
521 1063 619 1108 novos
630 1042 825 1110 diversorum
840 1061 1001 1130 generum.
1048 1043 1219 1130 Fingamus
1235 1056 1328 1108 astus
1343 1045 1423 1109 duos

131 1153 268 1240 aequales
282 1174 302 1216 a
316 1149 445 1216 diversis
459 1149 537 1215 locis
551 1149 585 1212 iu
597 1148 732 1215 eundem
746 1161 874 1233 portum
885 1149 1001 1226 venire,
1015 1169 1149 1234 quorum
1163 1151 1251 1234 prior
1265 1151 1424 1235 praecedat

131 1263 264 1328 alterum
290 1261 392 1346 spatio
417 1260 567 1326 horarum
592 1281 658 1336 sex,
685 1259 862 1344 ineidatque
887 1259 921 1325 in
946 1258 1058 1324 horem
1080 1261 1205 1326 tertiam
1227 1259 1267 1326 ab
1290 1260 1424 1344 appulsu

130 1372 234 1438 'Lunae
247 1370 290 1438 ad
304 1369 513 1438 meridianum
527 1380 647 1453 portus.
693 1369 728 1436 si
750 1367 843 1434 Luna
857 1368 891 1432 in
905 1368 1004 1434 hocne
1013 1392 1075 1436 ¹suo
1090 1369 1131 1437 ad
1145 1369 1353 1436 meridianum
1367 1392 1423 1454 ap·

130 1473 223 1564 pulsu
238 1481 421 1547 versabatur
434 1477 648 1564 in'aequatore,
661 1478 786 1546 venient
797 1477 927 1564 siugulis
938 1477 1024 1542 horis
1034 1477 1119 1546 senis
1132 1479 1268 1564 aequues
1279 1479 1422 1556 effluxu,

132 1590 232 1675 quiin
246 1600 372 1654 mutuos
387 1587 526 1650 refluxus
540 1583 708 1650 metuendo
722 1583 848 1654 eosdem
863 1583 1030 1654 effluxibue
1044 1585 1223 1670 aequabunt
1246 1597 1277 1652 et
1290 1585 1424 1670 eiospa·

130 1699 174 1764 tio
194 1697 257 1762 diei
274 1696 357 1762 illius
373 1696 507 1762 efficient
527 1709 563 1758 ut
582 1716 665 1778 aqua
678 1691 843 1778 trerrquilld
859 1705 991 1780 stagnat.
1037 1695 1073 1759 Si
1088 1693 1183 1760 Luna
1196 1707 1272 1760 tunc
1287 1695 1425 1760 decline-

129 1806 185 1870 bat
199 1805 240 1868 ab
255 1817 422 1890 aequatora
438 1802 516 1868 fient
529 1813 623 1866 aestus
638 1803 670 1866 in
687 1823 804 1878 oceano
815 1802 936 1866 vicibus
947 1803 1075 1868 alternis
1086 1804 1220 1887 majores
1232 1815 1264 1868 et
1275 1804 1424 1880 minores,

131 1913 177 1978 uti
198 1911 316 1977 dictum
337 1924 402 1989 est3
425 1923 457 1976 et
477 1910 552 1974 inde
566 1910 824 1995 propagabuntur
839 1911 872 1974 in
887 1910 972 1976 huuc
985 1923 1113 1994 portum
1128 1911 1263 1976 affluxus
1278 1913 1343 1976 bini
1357 1935 1424 1978 ma·

125 2023 212 2105 jores
227 2033 258 2084 et
272 2021 339 2086 bini
354 2021 501 2096 minores,
519 2017 638 2082 vicibus
653 2017 791 2082 alternis.
826 2017 973 2084 Affiuxus
988 2031 1092 2082 autem
1108 2019 1175 2082 bini
1190 2021 1323 2104 majores
1339 2043 1425 2086 com-

130 2145 250 2218 ponent
269 2153 383 2217 equam
403 2130 583 2196 altissimam
598 2131 632 2192 in
645 2129 750 2192 meslio
765 2129 846 2192 inter
862 2141 1041 2215 utrumque,
1058 2128 1193 2195 affluxus
1206 2131 1306 2212 major
1321 2143 1352 2194 et
1365 2133 1425 2196 ml·-

130 2301 263 2362 superando
279 2299 431 2346 resistentiam
447 2297 659 2346 fluminumxnctes
675 2313 760 2360 squam
794 2305 871 2346 oeasus'
890 2297 1020 2346 altitudinis
1041 2297 1097 2347 CA
1115 2313 1185 2359 super
1200 2295 1349 2347 altitudinem
1368 2299 1424 2348 ΟΕ
1482 2329 1483 2334 =

130 2366 240 2413 citiusne
256 2364 346 2412 diutius
361 2363 466 2420 influere,
483 2361 589 2425 adeoque
599 2364 691 2410 minuet
701 2364 760 2408 liene
792 2363 830 2411 sei
842 2363 863 2414 C
876 2362 897 2409 F
911 2363 1043 2426 designabit
1052 2363 1179 2412 maim-m
1190 2363 1344 2425 quantitatuu
1356 2363 1426 2412 oestds
1449 2369 1452 2378 ‘

131 2429 302 2477 differentium:
322 2426 411 2474 intered
427 2427 480 2474 reni
497 2428 554 2473 dum
573 2428 644 2474 Luna
654 2430 683 2473 ad
695 2441 760 2486 syzy-
792 2427 817 2472 in
833 2426 912 2474 medio
927 2427 997 2474 maris
1016 2428 1038 2475 E
1053 2429 1073 2476 F
1089 2427 1205 2475 littoribus
1223 2427 1253 2483 E,
1268 2427 1415 2474 Fterminsti

130 2495 182 2556 glas
197 2498 304 2553 properat
329 2505 422 2538 nessus
437 2499 472 2536 est
487 2498 515 2537 ut
531 2489 628 2536 numius
638 2493 668 2537 ob
679 2495 761 2536 sumus
792 2497 816 2536 et
826 2503 933 2538 eaeoeurs
943 2487 1073 2538 altitudinis
1086 2492 1128 2539 ce
1139 2505 1210 2551 super
1219 2489 1367 2538 sltitudinern
1378 2460 1424 2544 ci.

131 2571 186 2604 suos
202 2572 243 2616 per
258 2555 444 2618 magnitudinem
461 2564 561 2602 estuum
576 2554 700 2613 impeditos
710 2569 760 2600 ma·
792 2563 893 2614 exponet
908 2555 1034 2604 maximam
1051 2555 1206 2619 quantitatem
1217 2553 1288 2602 meus
1302 2555 1332 2602 sd
1348 2555 1426 2603 utrum

131 2621 167 2682 gis
178 2617 484 2680 impleanturetpropter'ed
495 2619 564 2664 maris
575 2617 690 2664 'refluxum
702 2633 761 2678 pau·
793 2617 898 2680 ejusdem
914 2619 991 2665 meris.
1028 2621 1113 2684 (Nam,
1124 2619 1255 2666 differentia
1267 2619 1326 2665 'nter
1336 2618 1425 2665 drame.

132 2682 379 2746 ldmsgisimpedlsnt
390 2681 496 2742 proxime
510 2693 562 2742 post
573 2684 677 2744 sysygiss
687 2682 759 2745 quim
792 2692 855 2728 trum
871 2683 1011 2730 biseeentem
1028 2683 1144 2746 angulum
1159 2683 1241 2730 dstum
1253 2697 1322 2744 quem
1335 2682 1426 2738 iaciunt

132 2745 308 2808 proximesnri.
346 2745 506 2794 Eidecausd
516 2748 703 2794 restusomnium
714 2757 760 2794 tar.
792 2745 847 2793 dusr
858 2745 963 2793 diametri
975 2747 1082 2808 ellipseos
1093 2755 1117 2794 et
1127 2746 1261 2794 alterutram
1272 2761 1301 2792 ex
1318 2746 1366 2792 illis
1375 2746 1424 2794 dia·

131 2811 218 2858 dhslrni
230 2825 278 2858 non
289 2811 393 2858 insident
403 2811 428 2857 in
439 2810 500 2870 ipsas
511 2810 622 2872 syzygias,
639 2810 679 2856 sed
690 2809 762 2871 psuld
791 2810 872 2856 metris
887 2811 962 2872 rnsj0r
978 2827 1027 2858 esse
1039 2823 1086 2858 non
1094 2817 1173 2872 potest
1183 2822 1211 2856 er
1224 2808 1307 2857 naturd
1318 2810 1425 2870 ellipseot

132 2875 268 2935 praecedent.
305 2876 363 2923 Dixi
379 2887 449 2922 sistus
463 2875 533 2922 etiam
544 2873 599 2921 sutd
610 2875 714 2936 syzygias
725 2891 762 2923 re-
792 2873 893 2936 qudmsi
911 2875 952 2921 ills
962 2873 1075 2922 diameter
1084 2875 1189 2922 biseeans
1199 2875 1229 2921 ait
1239 2875 1358 2921 semi-aris
1375 2889 1424 2921 ma·

131 2939 217 2986 terdsri
228 2937 250 2984 vl
264 2935 333 2988 Solis·
365 2939 530 3002 Coujungutur
540 2953 610 2985 cause
620 2949 724 3000 utreque.
738 2949 761 2986 et
789 2937 828 3000 jor
842 2947 866 2985 et
882 2937 1012 2986 differentia
1023 2939 1084 2986 inter
1094 2937 1146 2986 illas
1157 2938 1215 2985 duas
1229 2939 1290 2998 ipsas
1300 2937 1425 2985 diametros

132 3013 231 3050 anuum
248 3003 371 3050 reurdstio
387 3014 410 3049 et
425 3005 499 3067 major
509 3001 553 3049 erit
563 3009 587 3049 et
598 3004 701 3065 syzygias
711 3018 762 3050 ms·
792 3002 907 3082 angulum
924 3003 1005 3050 dsnrrn
1022 3004 1189 3050 constituentes
1200 3003 1274 3064 major
1284 3014 1332 3048 esse
1344 3001 1425 3065 nequit

131 3067 168 3128 gis
183 3065 303 3126 praecedet.
342 3065 403 3121 Quae
414 3068 494 3114 omnia
504 3065 666 3112 itdsehabere
677 3066 762 3129 colligo
792 3066 1143 3130 quamsidiametersngulum
1155 3063 1423 3126 bisecansfsoiataugu-

132 3145 162 3176 ar
179 3129 265 3176 rabulis
280 3140 379 3176 uturum
390 3145 448 3190 quas
465 3128 634 3178 Flamsteedius
644 3143 672 3175 ex
685 3132 762 3177 obser-
792 3129 843 3176 lum
856 3143 909 3176 oum
921 3145 964 3177 sse
980 3129 1161 3190 semi-rectum.)
1199 3129 1267 3176 Unda
1283 3141 1345 3189 patet
1356 3139 1426 3177 estus

132 3193 264 3240 rstiombus
274 3193 452 3255 quamplurimis
468 3193 603 3240 construxit.
795 3192 825 3239 sd
847 3193 924 3240 littora
941 3209 989 3242 esse
1011 3193 1181 3254 propemodum
1198 3203 1225 3238 ut
1241 3195 1312 3239 maris
1327 3193 1426 3239 latitudo

168 3263 220 3305 109.
242 3257 354 3302 AEstuum
371 3255 510 3318 magnitudo
529 3270 575 3303 non
595 3270 679 3315 parurn
694 3257 763 3304 marn
796 3255 861 3313 EF,
873 3269 927 3302 arcu
939 3257 1083 3318 quadrantali
1101 3271 1148 3302 non
1163 3257 1243 3318 major.
1284 3255 1348 3302 liius
1360 3257 1386 3301 lit
1399 3265 1426 3302 ut

134 3321 251 3381 pendete
267 3319 430 3384 magnitudine
443 3320 551 3377 marium,
563 3319 626 3366 utin
639 3319 764 3380 Opuseulo
796 3319 877 3366 nullus
904 3330 946 3367 aut
971 3319 1020 3368 ferd
1047 3320 1129 3367 nullus
1152 3321 1286 3368 observetur
1311 3333 1425 3380 aquarum

135 3387 204 3432 citato
223 3387 328 3431 observet
346 3383 430 3431 clariss
453 3391 536 3432 auton·
564 3383 600 3428 stt
619 3383 639 3431 C
659 3393 765 3431 centrum
794 3392 873 3430 motus
889 3383 914 3430 in
930 3380 1364 3442 maribusnonsatisinrepatentibus,
1382 3381 1425 3428 nisi

137 3449 222 3506 Terre,
245 3449 268 3495 E
284 3448 306 3494 A
321 3448 346 3494 D
360 3447 381 3494 B
397 3449 500 3510 oblonga
515 3446 585 3494 meris
602 3445 685 3509 rigum,
705 3449 725 3494 C
743 3449 765 3496 A
793 3461 849 3494 eum
859 3461 947 3494 oeuuo
957 3448 1007 3507 ipso
1018 3445 1091 3496 liberi
1100 3447 1281 3494 eommunioent.
1321 3447 1345 3494 Si
1363 3447 1426 3494 snitu

136 3512 255 3560 senii-axis
266 3511 347 3575 major,
362 3511 383 3560 G
399 3511 421 3558 B
432 3510 552 3560 semi-sris
562 3510 639 3558 minor
648 3509 720 3572 priori
730 3511 766 3558 in-
794 3511 854 3556 nihil
870 3519 912 3556 aut
927 3525 1010 3570 perum
1027 3524 1083 3557 cum
1099 3524 1186 3556 oceano
1202 3510 1381 3567 communicent,
1399 3519 1427 3557 ut

796 3573 881 3621 eccidit
892 3574 917 3619 in
926 3575 985 3620 mari
998 3573 1179 3630 Mediterraneo,
1192 3583 1262 3620 ustus
1272 3572 1365 3637 quoque
1374 3589 1425 3622 eam

794 3640 826 3685 ob
847 3651 941 3684 eausam
963 3638 1041 3684 minor
1062 3635 1250 3697 deprehenditur.
1298 3639 1365 3685 Hinc
1392 3645 1427 3684 est
1458 3675 1462 3682 .

797 3701 868 3748 etism
887 3701 950 3764 quod
969 3715 1040 3762 propa
1059 3709 1199 3764 equstorem
1218 3701 1260 3749 ubi
1282 3717 1346 3748 mure
1366 3702 1427 3748 inter

296 3831 298 3835 Ι
332 3776 368 3822 n
397 3754 415 3806 f
437 3741 468 3782 Β
797 3765 902 3812 Alrlesm
914 3775 937 3812 st
951 3766 1084 3812 Amerinum
1099 3773 1226 3828 angustum
1243 3774 1285 3821 est,
1301 3775 1371 3811 estus
1382 3764 1428 3812 sint

297 3831 324 3874 f
796 3829 872 3876 multo
882 3828 1065 3890 minoresqurim
1076 3827 1196 3875 hincinde
1207 3828 1427 3887 insonistempers·

282 3810 614 4010 ‘ffl—
796 3893 827 3939 tis
837 3891 879 3968 ubi
889 3892 962 3938 maris
971 3891 1020 3968 lete
1032 3901 1117 3970 patent,
1130 3903 1154 3939 st
1164 3893 1188 3938 in
1201 3893 1271 3968 pteris
1284 3892 1428 3970 Pafificilit.

266 3977 295 4026 Δ
432 3990 434 3995 .
471 4012 473 4015 ¹
798 3958 888 4004 toribus
899 3956 948 4004 lere
959 3957 1058 4019 ungulis
1068 3967 1116 4004 tarn
1126 3957 1273 4003 Amerrcenrs
1282 3971 1353 4018 quam
1367 3956 1427 4002 sina
1449 3978 1452 3987 ·

302 4010 427 4093 V
796 4019 830 4066 sis
840 4031 864 4067 et
874 4019 936 4067 iutrd
943 4023 1080 4096 tropicos-et.
1087 4019 1158 4068 extrd
1197 4021 1339 4096 contingere
1349 4031 1428 4094 tumen

797 4083 1429 4210 ffiiiillllllssssllliliiiiltli

798 4210 842 4259 tiss
858 4211 1009 4274 littorumque
1025 4211 1119 4260 seorsim
1136 4211 1271 4260 oo'e'untium
1286 4225 1371 4259 conver
1388 4225 1429 4257 en·

800 4273 864 4323 tiam.
901 4275 963 4322 Hes
982 4275 1012 4323 de
1030 4276 1100 4322 muris
1116 4285 1173 4323 astu
1189 4290 1232 4335 pro
1248 4275 1354 4336 presenti
1367 4227 1430 4322 dicu

139 4339 224 4388 istem
234 4336 265 4385 sd
275 4337 374 4400 angulos
383 4347 464 4387 nuos·
495 4339 608 4387 mmsmr
620 4337 645 4386 D
656 4345 771 4398 punctum
799 4337 860 4387 sinte
883 4339 913 4386 de
931 4338 976 4386 hie
993 4338 1137 4387 nobilissimi
1155 4339 1216 4386 inter
1235 4341 1341 4402 physicos
1354 4353 1428 4402 quies·

140 4401 246 4450 inedium
264 4402 326 4449 inter
341 4403 362 4448 A
375 4411 399 4449 et
414 4403 444 4458 Β,
464 4402 539 4466 sitque
559 4401 582 4449 E
596 4402 616 4450 C
630 4401 659 4460 1²,
675 4401 712 4449 rel
728 4401 772 4461 ipsi
799 4403 864 4450 tione
873 4403 975 4464 plurime
989 4404 1014 4450 ln
1034 4404 1140 4460 decursu,
1157 4403 1199 4450 ubi
1214 4414 1316 4451 recurret
1332 4403 1427 4459 occasio.

142 4465 262 4529 oequsliss
276 4466 297 4514 C
309 4466 585 4527 lengulusadsentruru
599 4466 686 4523 Terror,
702 4479 771 4528 qrrem
800 4467 963 4577 sdqungemus.
1001 4467 1119 4516 Prolirius
1135 4469 1194 4514 soret
1210 4468 1316 4530 prosequi
1333 4467 1430 4515 iectast

142 4530 262 4579 mbtsndit
272 4529 373 4577 latitudo
383 4529 452 4576 mais
462 4529 577 4577 littoribus
589 4529 620 4584 E,
635 4529 663 4586 F,
674 4531 710 4576 rel
722 4545 742 4584 e,
755 4530 771 4586 f,
801 4530 825 4578 di
836 4531 1133 4594 'gentissimisplrilosophia
1140 4540 1239 4578 annuum
1247 4532 1429 4590 observationem

142 4595 277 4657 terminsri3
295 4603 401 4640 versetur
416 4604 493 4640 autem
509 4601 624 4655 punctum
638 4597 670 4652 A,
687 4593 712 4640 in
723 4609 772 4641 me-
801 4594 910 4658 legsntur
920 4611 974 4659 qua·
984 4597 1062 4643 huces
1071 4596 1220 4643 illuotumin
1230 4597 1348 4644 Transact.
1358 4595 1431 4659 Angl.

144 4657 183 4705 dio
194 4660 254 4705 inter
265 4667 356 4719 puncta
373 4657 403 4711 Ε,
419 4656 449 4712 1²,
459 4667 482 4703 et
497 4667 610 4718 punctum
624 4657 685 4706 Diu
696 4657 775 4706 medio
803 4669 854 4707 turn
866 4661 890 4706 in
905 4661 972 4708 Mon.
987 4659 1059 4707 Puris.
1072 4660 1174 4719 dispersa
1184 4660 1340 4717 inveniuntur,
1353 4659 1392 4707 sed
1404 4673 1433 4706 es

146 4721 204 4769 inter
220 4735 342 4784 punctae,
355 4721 373 4768 l.
409 4721 434 4768 Si
449 4735 491 4780 per
506 4721 659 4768 differentiam
670 4721 773 4769 altitudi-
805 4723 931 4784 praesertim
942 4739 996 4786 quss
1007 4723 1091 4770 clariss.
1101 4724 1143 4770 viri
1163 4723 1272 4772 Helleius
1285 4725 1359 4772 Num.
1373 4728 1428 4772 996.

147 4798 203 4831 uum
216 4787 236 4834 C
252 4788 283 4843 A,
306 4787 326 4834 C
340 4785 370 4843 Β,
387 4795 519 4846 exponatur
534 4785 650 4846 quantitas
665 4785 734 4832 estiis
750 4785 775 4832 in
805 4788 924 4835 Transrct
939 4798 963 4835 et
976 4787 1087 4835 Caesinus'
1098 4787 1122 4833 in
1136 4787 1203 4837 Mon.
1220 4787 1293 4838 Paris.
1306 4803 1345 4837 an.
1360 4792 1429 4837 1712.

147 4849 204 4896 arari
214 4849 270 4898 setis
280 4849 401 4911 profundo
413 4849 509 4898 Terram
520 4857 592 4895 totam
603 4849 719 4912 cingente,
736 4863 775 4897 ex·
807 4855 875 4900 1718.
888 4851 973 4913 scripte
982 4852 1147 4918 reliquerunt‘

765 4935 806 4985 1³
