3540 5886
334 536 396 592 sn
586 528 851 604 rnoursrno
874 531 1078 598 sunnon
1102 533 1153 598 ιιι
1177 533 1371 600 causan
1497 515 1503 534 '

331 712 382 764 tur
394 731 430 758 =
445 723 476 777 x,
494 703 617 766 cosinus
631 731 667 760 -=
680 725 711 790 y,
734 727 771 772 ac
795 709 935 774 celeritas
961 731 1054 795 quarn
1069 729 1150 796 aque
1164 710 1196 774 in
1213 709 1253 773 M
1274 709 1378 790 haber,
1397 711 1507 777 sersus
1526 735 1630 784 own·

328 825 400 878 'sum
421 841 455 870 π
478 833 500 876 ιι
515 813 573 876 erit
594 811 711 926 dn'ut
732 827 834 902 2xy.
881 816 963 881 cum
985 831 1088 882 autern
1110 817 1296 884 elementum
1311 819 1402 888 erote
1417 821 1449 885 A
1465 819 1505 886 M
1525 823 1565 888 sit
1579 837 1627 888 ut

330 924 416 1039 ,ἀ-’ἕς
438 986 512 1028 nam
534 965 667 1051 figuram
688 965 786 1032 instar
808 966 915 1031 circuli
937 965 1127 1034 considerari
1146 965 1235 1035 licet:
1257 967 1317 1038 etit
1338 967 1398 1040 du
1417 980 1453 1036 ut
1469 975 1529 1036 21
1543 969 1566 1040 d
1579 991 1622 1048 x,

354 1048 379 1113 8

202 1112 206 1120 Ι
333 1143 434 1219 atque
449 1157 472 1199 u
498 1136 733 1220 proportionale
761 1109 821 1202 eril
849 1138 908 1223 ipsi

331 1245 352 1302 9
367 1261 390 1304 ιι
403 1261 427 1304 x
437 1279 480 1292 -
494 1251 508 1320 1
527 1243 679 1335 ejusmodi
697 1244 816 1330 adjecta
830 1265 906 1309 con-

331 1357 441 1424 stante,
458 1361 493 1416 ut
507 1349 561 1412 ubi
574 1344 614 1414 M
622 1371 654 1413 m
666 1362 713 1414 est
722 1351 904 1428 maximum,

331 1449 374 1514 ibi
389 1451 529 1517 celeritas
545 1467 715 1520 evanescat.
753 1457 909 1522 Hancob

332 1563 398 1622 rem
423 1559 483 1622 erit
507 1558 648 1623 celeritas
673 1561 707 1623 in
731 1561 802 1624 loeo
826 1583 906 1648 quo·

330 1687 454 1751 cunque
482 1667 531 1744 M,
563 1687 657 1753 quam
685 1689 766 1758 aqua
794 1669 904 1736 vereda

330 1774 525 1838 occidentem
544 1775 681 1853 babebit,
708 1779 755 1842 uti
779 1779 904 1844 cosinus

333 1882 423 1966 aaut
443 1884 549 1971 angui
575 1884 614 1949 M
631 1885 659 1948 c
675 1887 716 1958 A.
762 1886 906 1954 naama
969 1851 1000 1912 ¹)
1071 1906 1077 1923 ·

331 1981 426 2079 igitur
440 2015 531 2079 aquae
545 1993 685 2060 celeritas
699 1994 806 2060 vereris
821 1997 903 2060 occi-

329 2099 454 2163 dentem
469 2100 529 2164 erit
543 2100 575 2164 in
590 2101 626 2164 iis
641 2101 727 2179 locis,
743 2103 776 2164 in
790 2103 903 2188 quibus

228 2227 233 2238 ·
328 2229 411 2292 aqua
431 2208 566 2272 maxime
588 2222 635 2273 est
657 2209 792 2288 elevata3
815 2211 904 2276 huic·

330 2335 392 2400 que
406 2315 554 2379 celeritati
569 2316 696 2401 aequalis
711 2328 758 2380 est
772 2339 818 2394 ea,
841 2317 902 2402 quir

330 2445 411 2508 aqua
424 2423 456 2485 in
472 2421 547 2486 locis
563 2423 617 2486 ubi
638 2423 773 2488 maxime
787 2437 835 2488 est
848 2423 904 2488 de-
946 2403 975 2458 θ’

330 2555 447 2618 pressa,
459 2533 566 2598 vorsrls
578 2533 727 2598 orientem
739 2555 904 2618 promove-

331 2652 401 2716 tur3
435 2639 460 2703 si
486 2638 612 2724 quidem
639 2638 708 2702 hoec
730 2639 765 2701 in
788 2639 905 2703 circulo
1043 2598 1141 2718 ᾖ

331 2747 400 2810 fieri
414 2745 633 2831 concipiamus,
649 2769 723 2812 nam
737 2748 771 2812 in
781 2747 905 2832 sphaera

326 2867 430 2918 motus
456 2854 647 2940 aliquantum
669 2855 808 2918 diversus
833 2855 902 2931 erit,
948 2883 952 2892 ·

328 2959 384 3024 sed
408 2972 511 3023 tamen
534 2959 608 3022 hinc
627 2957 759 3045 intelligi
779 2959 903 3042 poterit.
948 2961 994 3026 At
1014 2957 1047 3040 lu
1068 2957 1145 3023 locis
1166 2981 1238 3046 quta
1259 2961 1299 3026 ab
1321 2962 1352 3025 Δ
1366 2973 1399 3028 et
1414 2961 1441 3028 B
1456 2971 1497 3029 46
1519 2963 1614 3051 grad.
1732 2937 1733 2956 Χ

328 3067 455 3146 distant,
472 3071 514 3134 ob
528 3069 670 3132 cosinum
684 3067 773 3153 dupli
789 3068 896 3154 anguli
916 3095 951 3126 ιι
974 3077 1006 3146 0,
1029 3087 1110 3153 aqua
1122 3069 1251 3132 omnino
1264 3069 1385 3134 nullum
1404 3070 1533 3138 habebit
1544 3093 1617 3136 mo-

325 3191 394 3244 tum
415 3179 649 3243 horizontulem.
695 3178 746 3241 Ex
768 3177 816 3241 his
838 3179 933 3264 igitur
954 3197 1020 3242 non
1042 3176 1142 3240 solum
1163 3189 1266 3241 motus
1287 3185 1378 3263 dqum
1396 3179 1615 3265 progressius
1732 3243 1733 3250 χ

326 3285 537 3371 cognoscitur,
568 3306 631 3368 quo
660 3283 779 3346 alterna
807 3279 940 3348 elevatio
968 3303 1005 3348 ec
1028 3282 1187 3366 depressio
1213 3281 1407 3366 producitur,
1434 3284 1490 3348 sed
1519 3286 1613 3350 etim

325 3391 501 3455 luculenter
519 3389 780 3475 perturbationes,
805 3411 876 3474 quae
897 3411 916 3454 a
938 3390 1056 3467 Terris,
1080 3387 1234 3454 littoribus
1256 3391 1456 3475 auqueetiam
1478 3413 1498 3454 a
1516 3390 1614 3456 fando

264 3569 270 3582 ¹
324 3501 418 3563 maris
433 3499 588 3584 proficisci
603 3513 741 3583 possunt,
757 3501 998 3585 perspiciuntur.
1038 3497 1184 3563 Ceterum
1199 3519 1376 3585 quanquam
1391 3501 1488 3565 sectio
1502 3515 1609 3566 nostra

326 3605 420 3690 plana
443 3606 523 3670 AD
539 3605 613 3669 BE
636 3619 826 3690 aequatorem
848 3606 948 3670 solum
973 3605 1122 3670 denotare
1145 3603 1277 3682 videtur,
1304 3617 1408 3668 umen
1434 3605 1543 3669 eadent
1569 3607 1610 3672 ed

324 3716 508 3802 parallelum
535 3717 673 3802 quemvis
723 3715 962 3802 significandum
999 3717 1072 3779 satis
1107 3711 1270 3780 commode
1295 3713 1446 3804 adhiberi
1485 3727 1607 3798 potest:

325 3824 400 3910 quin
423 3825 516 3888 etiam
537 3835 640 3887 motus
662 3843 721 3907 pro
744 3822 866 3906 sphaera
888 3823 962 3886 binc
977 3822 1049 3886 satis
1064 3821 1206 3886 distincte
1225 3821 1330 3908 colligi
1351 3821 1475 3906 poterit,
1502 3841 1607 3906 operte

323 3933 408 3996 enim
430 3933 564 4016 pretium
586 3953 649 3994 non
671 3931 857 4018 judicamus,
883 3951 941 4016 per
963 3931 1134 3994 solidorum
1155 3931 1415 3995 introductionem
1437 3929 1520 3994 hanc
1540 3953 1607 3995 rem
1732 3917 1733 3966 3

325 4043 453 4131 cognitu
467 4040 555 4106 tantd
571 4040 775 4104 difficiliorem
791 4039 932 4107 reddere.
1049 4111 1060 4125 ι

368 4154 392 4230 §.
409 4157 460 4214 94.
488 4145 537 4211 Et
559 4147 662 4210 minus
685 4161 787 4212 autem
809 4147 902 4233 hujus
924 4159 1078 4212 accuratae
1098 4147 1287 4234 inquisitioni
1308 4146 1492 4224 insistemus,
1519 4147 1606 4233 quod
1732 4219 1733 4232 χ

318 4257 460 4322 celeritas
486 4259 686 4345 progressiva
711 4258 839 4341 insuper
864 4279 883 4320 a
907 4254 1119 4342 profimditue
1144 4257 1237 4320 maris
1262 4255 1405 4338 pendeat.
1460 4252 1606 4330 Quodsi
1732 4269 1733 4272 ’

317 4363 401 4426 enim
416 4385 569 4448 ponamus
584 4386 616 4427 m
631 4385 652 4426 n
664 4365 729 4448 jam
746 4385 811 4428 esse
827 4363 920 4426 maris
935 4361 1076 4440 fundum,
1093 4363 1135 4426 ita
1150 4375 1185 4425 ut
1198 4352 1392 4445 profunditas
1408 4363 1501 4425 maris
1516 4363 1549 4424 in
1566 4361 1605 4426 Μ

318 4469 420 4551 major
440 4491 504 4532 non
526 4483 613 4534 esset⁴
628 4467 720 4555 qudm
745 4469 784 4534 M
799 4491 841 4548 m,
864 4483 928 4533 tam
943 4469 994 4534 isti
1009 4481 1218 4555 aquaetantus
1233 4481 1336 4533 motus
1351 4471 1451 4534 inesse
1464 4469 1603 4545 deberet,

316 4599 380 4667 quo
396 4601 442 4656 ea,
460 4581 536 4644 dum
550 4581 655 4645 fluxus
670 4603 711 4644 ex
726 4581 758 4646 A
774 4581 806 4644 in
820 4583 975 4658 atransit,
993 4603 1032 4646 ex
1048 4581 1109 4644 situ
1124 4601 1145 4642 u
1163 4579 1190 4644 F
1207 4580 1244 4644 M
1258 4601 1291 4644 m
1307 4580 1447 4644 insitum
1461 4579 1605 4643 mFNn
1732 4617 1733 4624 ι

316 4686 479 4753 transferri
499 4701 614 4772 posset.
661 4689 727 4753 Hic
749 4702 853 4756 autern
875 4703 978 4754 motus
1001 4689 1141 4775 quamvis
1157 4689 1196 4755 sit
1210 4689 1360 4753 difformis
1382 4704 1414 4754 et
1433 4711 1491 4774 per
1504 4701 1606 4754 totam
1732 4697 1733 4750 l

314 4815 449 4858 ιιιιιεεειιι
472 4793 675 4878 inequabilis,
698 4805 803 4860 tamen
824 4795 852 4860 si
874 4807 941 4860 tota
961 4793 1124 4860 translatio
1145 4805 1310 4880 spectetur,
1334 4807 1416 4860 totus
1436 4805 1540 4862 motus
1559 4815 1604 4858 ex
