3540 5886
362 579 428 636 322
616 567 882 648 lNQUlSlTlO
906 567 1110 634 PHYSICA
1133 567 1184 632 IN
1208 567 1404 636 CAUSAM

361 743 436 809 verb
451 743 555 828 ipsum
570 743 739 808 discrimen
754 764 825 806 cum
841 739 961 805 theoria
977 739 1085 804 exacte
1099 739 1262 817 convenit,
1276 739 1310 803 in
1323 739 1465 823 pluribus
1479 741 1561 804 enim
1574 763 1663 828 por-

361 853 457 916 tubus
479 863 573 916 aestus
597 851 752 916 maximos
777 863 809 914 et
831 849 977 913 minimos
1002 849 1044 913 ad
1067 850 1221 914 calculum
1243 852 1466 928 revocavimus,
1491 863 1584 938 atque
1610 875 1660 917 ex

361 959 511 1024 relatione
535 981 644 1023 eorum
667 957 850 1022 relationem
872 957 954 1020 inter
978 955 1058 1020 vires
1084 955 1186 1020 Lunae
1209 979 1246 1020 ao
1272 957 1353 1022 Solis
1379 957 1656 1045 investigavimus3

360 1064 496 1151 hincque
517 1063 670 1149 perpetub
693 1060 825 1125 eandem
838 1060 903 1125 fere
918 1061 1075 1125 rationem
1096 1062 1178 1126 inter
1192 1063 1272 1126 vires
1290 1063 1372 1128 Solis
1389 1085 1427 1127 ac
1442 1063 1541 1128 Lnnae
1555 1065 1658 1129 abso-

360 1173 441 1238 lutus
466 1172 638 1250 elicuimus,
666 1169 931 1257 quemadmodum
955 1169 988 1232 id
1013 1169 1087 1234 fecit
1112 1169 1284 1234 Newtonus
1309 1193 1350 1235 ex
1379 1171 1654 1238 observationibus

362 1283 502 1348 Bristolii
526 1295 558 1346 et
580 1281 772 1368 Plymouthi‚
795 1265 854 1345 nos
868 1279 945 1345 verb
960 1282 993 1343 in
1010 1281 1109 1346 Portu
1125 1281 1246 1346 Gratiae
1260 1282 1419 1361 institutis,
1441 1286 1653 1350 conclusioni-

362 1391 420 1455 bus
439 1388 570 1454 mirificd
592 1390 674 1454 inter
695 1411 729 1454 se
750 1389 1014 1476 congruentibus:
1037 1391 1136 1477 qualis
1151 1411 1320 1456 consensus
1334 1392 1474 1477 profectd
1489 1399 1650 1480 expectari

360 1519 425 1561 non
446 1493 562 1582 posset,
587 1496 613 1558 si
633 1495 756 1560 theoria
771 1496 892 1559 veritati
911 1515 975 1558 non
991 1508 1069 1560 esset
1083 1509 1300 1562 consentanea.
1346 1497 1457 1586 Neque
1471 1503 1563 1564 etlam
1578 1503 1652 1568 aliae

360 1603 491 1669 theoriae
505 1601 609 1666 adbuc
623 1602 797 1686 productae,
814 1601 987 1687 cujusmodi
1003 1613 1076 1666 sunt
1091 1603 1227 1683 Galilaei,
1245 1603 1384 1669 Wallisii
1398 1617 1492 1692 atquo
1504 1609 1648 1690 Cartesii,

360 1712 413 1796 qui
428 1731 551 1776 causam
570 1711 602 1771 in
616 1709 778 1793 pressione
793 1709 896 1794 Lunae
910 1705 1082 1787 collocavit,
1097 1709 1172 1775 huic
1185 1710 1394 1795 phaenomeno
1407 1712 1543 1798 perfecte
1557 1719 1648 1782 satis-

361 1819 488 1896 faciunt,
507 1819 561 1883 sed
576 1815 679 1903 potitis
693 1801 823 1902 proriis
838 1829 1029 1888 evertuntur.

402 1919 530 2016 §.10¹¹ss
551 1933 705 2009 Quintum
729 1931 958 2018 phaenomenon
984 1936 1017 1999 'm
1042 1934 1104 1998 hoc
1126 1933 1284 2011 consistat,
1309 1932 1395 2022 qudd
1417 1935 1510 2000 unius
1531 1937 1647 2002 mensis

358 2043 523 2106 intervallo
545 2041 674 2105 maximi
694 2055 787 2106 aestus
802 2063 866 2105 non
882 2041 989 2120 sintii,
1014 2043 1067 2127 qui
1080 2041 1241 2108 novilunia
1256 2063 1293 2106 ac
1312 2042 1486 2127 plenilunin
1503 2043 1646 2129 proxime

362 2151 579 2238 insequuntur,
604 2145 659 2216 sed
682 2161 843 2237 sequentes
858 2153 942 2216 tertii
957 2151 1074 2218 scilicet
1088 2152 1210 2216 circiter
1225 2153 1274 2216 uel
1296 2147 1407 2240 quarti,
1431 2154 1584 2239 similique
1599 2157 1649 2216 in-

358 2261 489 2326 tervallo
503 2276 597 2326 aestus
614 2263 735 2326 minimi
750 2264 876 2327 demum
891 2277 964 2348 post
974 2263 1178 2349 quadraturas
1190 2263 1384 2351 contingtmt
1424 2263 1532 2350 Hujus
1542 2279 1647 2329 antem

360 2371 564 2458 phaenomeni
579 2374 658 2436 ratio
674 2373 706 2436 in
722 2381 744 2457 §.
762 2381 813 2443 97.
829 2373 927 2438 fusiris
942 2389 990 2440 est
1004 2376 1155 2461 exposita,
1171 2376 1226 2439 ubi
1241 2375 1443 2455 ostendimus,
1461 2375 1532 2441 crim
1553 2391 1648 2442 aestus

359 2496 431 2546 ante
453 2483 594 2570 syzygias
616 2483 788 2548 incidentes
810 2496 913 2548 essent
933 2485 1080 2562 minores,
1103 2485 1273 2548 maximam
1294 2486 1357 2548 vim
1379 2509 1397 2548 a
1419 2485 1492 2550 Sole
1507 2497 1537 2549 et
1553 2487 1647 2550 Lunai

360 2603 460 2653 ortam
482 2611 546 2652 non
570 2587 674 2654 subiti)
696 2605 807 2655 aestum
830 2591 1001 2656 maximum
1023 2592 1198 2676 producere
1215 2589 1331 2670 ualere,
1356 2591 1410 2657 sed
1425 2591 1546 2658 tantdm
1560 2617 1648 2659 mare

358 2697 400 2762 ad
422 2722 493 2763 aum
516 2713 631 2764 statum
652 2701 818 2766 solicitare.
865 2699 947 2765 Cdm
968 2701 1065 2789 igitur
1085 2714 1158 2784 post
1172 2702 1312 2788 syzygias
1327 2701 1373 2764 vis
1387 2713 1499 2765 aestum
1512 2702 1648 2769 efficiens

360 2807 547 2870 sensibiliter
568 2830 633 2871 non
655 2808 825 2884 decrescat,
847 2820 942 2871 aestus
959 2808 1129 2871 etiamnum
1150 2821 1222 2889 post
1236 2807 1298 2869 hoc
1312 2817 1436 2891 tempus
1458 2808 1648 2874 incrementa

361 2911 474 2994 capiet,
491 2925 584 2997 atque
599 2913 670 2976 ideo
685 2912 812 2977 demum
826 2925 898 2995 post
913 2913 1054 3000 syzygias
1070 2913 1125 2976 fiet
1138 2912 1311 2988 maximus3
1327 2914 1493 3000 similisque
1506 2927 1552 2979 est
1562 2917 1646 2979 ratio

362 3017 579 3082 diminutionis
600 3034 741 3096 aestuum,
766 3040 836 3104 quae
851 3018 1021 3081 etiamnum
1041 3031 1113 3102 post
1127 3017 1333 3105 quadraturas
1348 3023 1528 3109 contingere
1541 3023 1646 3102 debet,

358 3127 402 3192 ita
416 3141 451 3191 ut
465 3141 558 3191 oestus
573 3127 693 3190 minimi
708 3127 835 3190 demum
850 3140 923 3212 post
934 3126 1139 3214 quadraturas
1150 3127 1301 3191 eveniant.
1341 3127 1531 3214 Hujusmodi
1543 3144 1648 3195 autem

358 3233 584 3298 retardationes
607 3231 774 3296 effectuum
796 3256 816 3296 a
837 3231 955 3300 viribus
976 3232 1009 3295 in
1030 3231 1149 3295 mundo
1171 3231 1373 3297 existentibus
1398 3235 1646 3318 provenientium

358 3342 498 3429 quotidie
521 3342 646 3407 abunde
668 3344 867 3427 experimur:
889 3342 931 3405 ob
954 3339 1085 3405 similem
1107 3341 1191 3404 enim
1211 3341 1365 3407 rationem
1386 3343 1516 3430 singulis
1536 3343 1645 3410 diebus

358 3455 528 3518 maximum
545 3455 680 3519 calorem
695 3477 760 3519 non
774 3453 808 3518 in
823 3454 893 3538 ipso
906 3451 1036 3516 meridie
1051 3453 1211 3530 sentimus,
1228 3453 1348 3518 etiamsi
1368 3453 1431 3516 hoc
1445 3466 1585 3538 tempore
1600 3457 1644 3521 vis

360 3565 442 3632 solis
465 3567 647 3632 calefaciens
670 3568 736 3632 sine
758 3566 856 3630 dubio
878 3566 919 3629 sit
938 3565 1084 3641 maxima,
1107 3563 1162 3628 sed
1182 3563 1308 3628 demum
1328 3562 1448 3650 aliquot
1468 3563 1554 3629 horis
1575 3579 1644 3650 post

358 3671 532 3751 meridiem,
555 3686 650 3760 atque
670 3685 800 3759 propter
815 3671 948 3736 eandem
964 3693 1089 3736 causam
1103 3692 1207 3756 neque
1223 3671 1345 3735 solstitii
1366 3671 1466 3735 aestivi
1486 3687 1643 3737 momento

358 3785 514 3848 maximus
535 3785 621 3848 calor
643 3805 765 3848 annuus
788 3784 928 3862 sentitur,
954 3807 1056 3872 neque
1078 3796 1220 3867 tempore
1244 3782 1366 3848 solstitii
1389 3783 1524 3871 hyberni
1546 3783 1642 3873 frigus

358 3915 524 3970 summum,
542 3892 597 3956 sed
613 3904 779 3980 utrumque
792 3893 972 3957 notabiliter
985 3892 1114 3958 tardids.

400 4004 424 4081 y.
443 4006 514 4063 105.
539 3999 670 4062 Sextum
685 3998 913 4084 phaenomenon
930 4001 963 4062 in
978 4000 1039 4065 hoc
1053 4003 1209 4086 ponimus,
1233 4003 1317 4090 qubd
1331 4017 1489 4071 momenta
1503 4006 1642 4072 fluxuum

358 4117 498 4189 tempore
522 4105 719 4191 syzygiarum
742 4108 841 4171 multo
865 4106 1000 4172 strictids
1024 4109 1165 4174 ordinem
1187 4125 1293 4176 tenere
1314 4115 1528 4193 observantur,
1552 4113 1642 4200 quarn

359 4215 441 4278 circa
462 4213 677 4299 quadraturas
725 4215 792 4280 Hic
815 4215 888 4281 verb
910 4231 983 4282 ante
1005 4221 1110 4284 omnia
1132 4221 1441 4289 animadvertendum
1464 4237 1512 4289 est
1534 4224 1643 4310 prasci·

359 4343 454 4404 paam
470 4323 649 4388 sensibilem
663 4325 850 4390 anomaliam
871 4327 905 4388 in
928 4330 1093 4393 momentis
1108 4345 1241 4394 oenuum
1256 4329 1329 4395 inde
1343 4333 1495 4420 originem
1511 4333 1641 4410 trahere,

358 4428 444 4512 qudd
465 4431 535 4497 haec
555 4446 714 4498 momenta
735 4455 776 4500 ex
798 4447 938 4523 tempore
953 4437 1046 4503 solari
1067 4451 1160 4525 atque
1174 4463 1193 4504 a
1207 4461 1282 4504 vero
1300 4443 1429 4508 meridie
1445 4465 1499 4507 seu
1514 4443 1642 4508 transitu

364 4537 445 4602 Solis
460 4561 517 4623 per
532 4543 740 4610 meridianum
756 4545 876 4611 soleant
891 4550 1074 4634 computari,
1097 4547 1171 4614 crim
1184 4571 1222 4613 ea
1242 4549 1345 4636 potiris
1360 4573 1380 4614 a
1394 4550 1525 4614 transitu
1543 4550 1643 4614 Lunae

357 4667 416 4733 per
436 4650 644 4716 meridianum
666 4653 833 4736 pendeant.
880 4655 978 4732 Quhd
993 4658 1019 4720 si
1033 4669 1136 4722 autem
1151 4658 1191 4722 ad
1206 4657 1263 4722 lras
1278 4655 1507 4723 observationes
1523 4669 1644 4742 tempus

358 4758 468 4820 lunare
482 4775 500 4816 a
515 4759 647 4822 transitu
672 4759 773 4822 Lunae
795 4783 851 4844 per
871 4763 1076 4827 meridianum
1092 4765 1335 4849 computandum
1350 4764 1544 4841 adhibeatur,
1569 4765 1644 4828 irre·

358 4863 540 4952 gularitates
552 4879 737 4949 apparentes
747 4869 917 4934 nraxirnam
930 4883 1050 4955 partem
1064 4885 1257 4950 evanescent,
1272 4871 1333 4936 hoc
1347 4869 1422 4938 verb
1436 4869 1535 4935 multd
1545 4872 1644 4961 magis
