3568 5872
353 523 453 590 mvi
717 524 909 591 INTROD.
932 525 998 591 AD
1020 523 1164 591 TER‘n-
1180 523 1268 590 LIB.
1447 525 1545 604 [Cle.
1561 521 1632 590 Ill.

350 695 456 759 medio
477 695 518 758 ed
539 695 644 759 locum
668 696 747 761 Solis
769 697 1005 774 inveniendmn;
1034 695 1106 761 cdm
1131 697 1215 760 enim
1239 707 1361 780 tempus
1387 715 1540 780 apparens
1562 717 1631 760 non

350 799 483 874 mubrm
497 799 620 864 differat
634 824 653 864 a
667 813 806 886 tempore
820 803 932 880 medio,
956 803 1130 868 differentia
1143 802 1224 866 inter
1239 799 1450 866 asuensionem
1465 813 1581 864 rectum
1595 813 1631 866 et
1773 809 1776 818 '

350 905 578 993 longitudinem
598 907 734 972 medium
757 908 838 974 Solis
860 921 907 974 est
928 931 1022 996 quum
1043 891 1186 994 proximd
1206 907 1325 986 eadem,
1349 906 1414 971 sive
1432 929 1490 992 per
1504 919 1629 992 tempus

350 1015 499 1092 medium,
516 1015 580 1079 sive
594 1037 652 1101 per
666 1029 788 1103 tempus
803 1040 955 1103 apparens
969 1019 1152 1104 inquiretur.

393 1127 446 1192 47.
468 1124 540 1188 Jum
554 1123 628 1188 vem
643 1125 669 1188 si
683 1137 822 1210 tempore
837 1127 945 1211 quovis
960 1137 1129 1211 apparente
1142 1125 1323 1189 observetur
1340 1121 1420 1188 Solis
1435 1121 1575 1186 ascensio
1594 1132 1628 1186 et

349 1231 516 1320 longitudo
534 1255 618 1319 veru,
640 1232 775 1320 inddque
796 1245 923 1298 eruetur
945 1232 1041 1318 ipsius
1061 1231 1225 1320 longitudo
1245 1229 1350 1294 media
1364 1230 1433 1313 (44)
1449 1251 1485 1293 uo
1504 1241 1627 1313 tempus

350 1363 503 1427 apperens
528 1355 724 1407 convertatur
748 1343 781 1405 in
805 1353 927 1426 tempus
952 1341 1090 1407 medium
1113 1341 1182 1426 (47)
1206 1338 1388 1402 habebimus
1413 1337 1518 1400 locum
1543 1337 1625 1401 Solis

349 1449 488 1513 medium
500 1471 559 1534 pro
574 1449 648 1514 dato
658 1449 806 1534 temporis
820 1447 915 1512 medii
928 1459 1096 1526 momento,
1108 1458 1140 1511 et
1149 1447 1201 1510 hic
1215 1445 1302 1510 locus
1313 1445 1372 1508 erit
1382 1442 1474 1506 radix
1484 1455 1625 1506 mutuum

352 1554 443 1632 Solis,
466 1569 659 1619 momentum
678 1553 755 1618 verb
774 1553 923 1639 temporis
937 1553 1033 1620 medii
1047 1553 1155 1618 datum
1170 1551 1290 1638 epocha
1305 1563 1481 1635 temporum
1495 1567 1626 1634 compu-

349 1659 535 1736 tandorum
564 1660 675 1746 qrubus
697 1659 791 1724 semel
813 1659 986 1723 corutitutis
1011 1659 1053 1722 ud
1077 1659 1237 1746 quodlibet
1262 1657 1347 1721 uliud
1369 1657 1477 1720 dutum
1502 1667 1624 1741 tempus

349 1767 487 1832 medium
511 1767 560 1832 vel
584 1789 735 1853 apperens
760 1767 891 1832 inveniri
910 1768 1025 1852 poterit
1045 1768 1131 1832 locus
1155 1767 1236 1832 Solis
1263 1789 1354 1831 verus
1379 1765 1429 1830 vel
1449 1763 1570 1828 medius
1590 1765 1623 1826 in

352 1875 491 1960 ecliptiod
515 1887 547 1940 et
572 1873 689 1940 contre
735 1875 947 1961 Exposuimus
968 1877 1035 1962 jum
1061 1877 1129 1960 (44)
1155 1874 1313 1963 quomodd
1337 1875 1424 1939 locus
1448 1873 1528 1940 Solis
1550 1872 1623 1936 duto

348 1991 488 2065 tempore
508 1979 612 2044 medio
626 1981 807 2067 inquiratur.
854 1982 889 2046 si
902 1981 1010 2046 dutum
1024 1981 1064 2045 sit
1077 1994 1200 2066 tempus
1216 2003 1380 2067 apparens,
1396 1981 1458 2045 hoc
1472 1993 1622 2065 tanquam

347 2089 472 2170 tempus
493 2085 630 2150 medium
649 2079 816 2171 usurpetur
828 2097 862 2150 et
875 2098 1033 2172 quaerutur
1046 2085 1133 2151 locus
1150 2085 1231 2152 Solis
1246 2107 1336 2150 venus
1349 2086 1424 2151 huic
1437 2107 1621 2170 cormpon-

258 2261 259 2266 γ
349 2187 428 2256 dens
459 2192 545 2276 (44);
583 2192 696 2257 deiude
725 2193 911 2280 longitudini
942 2194 1023 2258 Solis
1047 2195 1092 2258 sio
1116 2193 1251 2259 inventae
1273 2207 1394 2260 tentum
1418 2193 1620 2281 longitudinis

347 2299 481 2364 addetur
501 2299 552 2362 vel
570 2299 714 2362 demetur
726 2311 877 2384 quantum
894 2299 1044 2383 temporis
1058 2301 1226 2386 oequutioni
1240 2301 1370 2366 debetur
1384 2313 1417 2366 et
1429 2300 1473 2364 itt
1485 2299 1623 2386 prodibit

345 2407 433 2472 loeus
454 2407 535 2471 Solis
552 2406 686 2492 tempori
701 2406 862 2492 apparenti
876 2407 1077 2491 respondens.
1124 2407 1228 2472 Facile
1241 2419 1289 2472 est
1303 2431 1344 2472 ex
1357 2408 1448 2472 dictis
1462 2407 1621 2492 problema

259 2599 262 2610 Ι
346 2515 503 2578 inversum
525 2513 652 2590 solvere,
676 2535 732 2578 seu
749 2535 789 2577 ex
802 2513 878 2578 duto
889 2513 959 2578 looo
976 2513 1056 2578 Solu
1071 2513 1176 2578 medio
1190 2525 1246 2578 eut
1258 2537 1333 2579 vero
1347 2527 1469 2600 tempus
1483 2513 1620 2578 medium

347 2635 401 2687 out
414 2643 566 2707 apparens
581 2623 654 2686 buic
672 2621 753 2688 Solis
767 2623 838 2686 looo
852 2621 1043 2707 respondens
1058 2623 1206 2687 invenire.

389 2739 441 2794 48.
465 2729 534 2794 Neo
552 2751 632 2814 opus
653 2743 701 2794 est
720 2742 757 2794 ut
769 2749 951 2794 moneamus
965 2729 1089 2794 easdem
1103 2753 1170 2794 erse
1183 2741 1326 2794 motuum
1340 2730 1510 2794 coelentium
1525 2747 1621 2813 appo·

316 2863 323 2872 ·
346 2834 470 2911 rentim,
493 2834 557 2898 sive
578 2834 693 2898 ooelum
714 2855 806 2897 omne
827 2855 899 2898 eum
921 2833 1017 2898 stellis
1038 2833 1122 2899 cired
1134 2834 1277 2900 tellurem
1293 2847 1380 2900 motu
1394 2835 1508 2899 diurno
1521 2831 1621 2897 revol-

344 2953 436 3006 vetur
457 2943 497 3006 ub
518 2943 639 3007 oriente
659 2944 692 3006 in
713 2943 915 3020 oooideutem,
939 2943 1003 3006 sive
1024 2954 1108 3007 terre
1129 2941 1211 3008 cited
1223 2943 1387 3030 propr-im
1401 2963 1492 3007 axem
1507 2941 1617 3004 eodem

345 3061 486 3134 tempore
508 3051 548 3114 ab
573 3050 734 3114 occidente
759 3051 792 3114 in
817 3061 969 3114 orrentem
991 3052 1128 3114 converti
1153 3063 1345 3136 supponatur
1368 3051 1498 3114 immoto
1519 3049 1618 3138 coelo3

347 3156 413 3222 rive
434 3159 526 3224 etiem
545 3169 630 3222 terre
643 3159 771 3223 immota
784 3170 908 3223 maneat
922 3169 954 3222 et
969 3158 1024 3223 Sol
1037 3158 1166 3244 proprio
1179 3169 1268 3223 motu
1281 3157 1321 3222 ab
1335 3179 1447 3222 ooousu
1461 3155 1503 3220 ud
1516 3167 1619 3220 ortum

346 3265 472 3345 leretur,
496 3289 550 3332 eeu
571 3269 654 3333 oirou
672 3268 777 3334 Solem
796 3269 961 3332 immotum
981 3280 1066 3340 terra
1079 3279 1166 3334 motu
1181 3291 1286 3333 minuo
1305 3265 1565 3332 circumvolvatur
1585 3267 1619 3328 in

345 3373 497 3459 ecliptieb
554 3376 639 3440 Nem
659 3377 693 3440 iu
714 3375 845 3464 utrique
867 3375 1080 3462 suppositione
1101 3375 1243 3440 diametri
1263 3385 1445 3461 apparentes
1460 3387 1492 3438 et
1505 3360 1618 3439 veloci-

346 3493 424 3547 tates
438 3483 574 3548 relative
588 3499 660 3550 sunt
679 3485 806 3551 eaedem.
1354 3466 1358 3474 Ι
