3520 5884
255 523 335 590 cn.
352 521 397 605 n]
632 518 698 586 nu
721 507 944 585 rnnrmu
967 514 1165 587 zrnnuu.
1282 473 1285 479 ’
1480 507 1535 590 nn

252 696 316 762 tori
333 693 497 784 parallelos
510 687 653 759 bifariam
667 691 819 756 dividens.
863 682 1047 758 intersectio
1068 677 1154 778 plani
1175 691 1339 758 meridiani
1354 713 1426 756 cum
1439 691 1535 776 plano

254 802 426 871 horizontis
445 803 482 869 H
500 798 596 868 Rvel
613 795 796 867 brdiaitur
812 803 893 866 linco
910 803 1091 866 meridiana.
1137 801 1281 867 Circulus
1299 805 1449 896 perticalis
1463 803 1534 886 pri·

183 939 186 950 ·
254 911 369 975 mrim
389 917 437 975 est
456 907 509 973 ille
530 902 684 974 verticalis
702 908 756 996 qui
770 926 830 993 per
842 906 932 994 polos
947 908 1110 973 meridiani
1127 910 1248 975 transit.
1295 909 1343 973 Sit
1359 909 1385 974 Z
1400 909 1432 973 V
1447 908 1480 972 N
1497 909 1532 974 X

257 1015 410 1083 verticalis
423 1017 590 1103 primarius
605 1015 800 1082 horizontem
815 1016 997 1083 rationalem
1014 1017 1051 1082 H
1066 1019 1098 1083 V
1115 1017 1146 1083 R
1161 1019 1197 1084 X
1211 1020 1400 1084 intersecans
1415 1017 1448 1082 in
1463 1019 1495 1083 V
1505 1029 1537 1082 et

257 1121 303 1202 X,
331 1145 424 1211 quam
448 1121 637 1188 meridianus
661 1123 755 1190 etiam
779 1133 864 1188 secat
883 1123 917 1187 in
940 1121 977 1189 H
992 1135 1024 1188 et
1039 1123 1081 1188 R.
1126 1123 1249 1189 Puncta
1269 1136 1402 1211 quatuor
1424 1123 1466 1202 R,
1489 1123 1535 1202 X,

256 1231 303 1309 H,
324 1231 366 1310 V,
390 1231 539 1296 dicuntur
561 1233 703 1297 cardines
727 1234 831 1296 nmndi
842 1267 854 1306 ,·
884 1247 1038 1317 punctum
1058 1231 1184 1320 quidem
1208 1235 1241 1300 R
1266 1235 1300 1298 in
1324 1233 1537 1318 hemispherio

254 1336 373 1404 boreali
401 1337 497 1402 cardo
525 1338 744 1421 septartn'cnis,
777 1337 814 1402 H
844 1338 940 1403 cardo
968 1339 1115 1416 meridiei,
1142 1339 1174 1404 V
1196 1338 1238 1403 ad
1271 1351 1376 1425 partes
1410 1338 1537 1404 orientis

255 1443 352 1509 cerdo
364 1445 490 1508 orientis
503 1455 535 1508 et
547 1456 699 1529 puuctmu
713 1443 892 1529 oppositum
907 1443 943 1507 X
957 1443 1053 1509 cardo
1066 1445 1235 1510 occidentis.

301 1561 332 1618 9.
354 1551 516 1617 Distentis
534 1551 705 1618 horizontis
720 1553 897 1638 apparentis
912 1552 952 1615 ab
967 1552 1127 1618 horizonte
1142 1576 1217 1618 vero
1231 1553 1296 1620 sive
1310 1553 1429 1618 telluris
1447 1553 1539 1617 semi·
1662 1597 1672 1618 .

209 1663 211 1670 '
257 1659 409 1724 diameter
424 1659 449 1724 S
463 1657 504 1736 T,
528 1659 683 1724 sensibilis
697 1680 762 1724 non
776 1671 833 1737 est,
853 1658 880 1724 si
894 1657 1071 1725 conferatur
1085 1681 1157 1724 cum
1172 1659 1330 1726 stellarum
1354 1657 1460 1744 (Luni
1475 1655 1539 1722 ieri

259 1765 325 1832 soli
340 1764 484 1851 excepti)
500 1767 664 1844 distantiis,
680 1779 713 1832 et
725 1765 797 1832 idad
811 1780 896 1832 terra
909 1779 1054 1852 respectu
1073 1767 1204 1853 sphaerae
1219 1769 1379 1834 stellarum
1392 1781 1541 1854 tauquam

258 1887 420 1960 punctum,
446 1886 478 1940 et
498 1873 628 1963 qmlibet
642 1887 734 1940 terrae
747 1875 835 1941 locus
850 1887 999 1963 tanquam
1019 1871 1111 1960 hujus
1133 1875 1266 1961 sphaerae
1281 1889 1422 1943 centrum
1438 1875 1541 1940 consi·

260 1982 365 2049 derari
385 1995 499 2072 potest.
544 1983 628 2048 Nam
649 2003 757 2048 omnes
782 1981 847 2048 ieri
869 1984 1132 2050 Astromorum
1153 1983 1382 2050 observem
1407 1985 1442 2050 id
1467 2006 1542 2070 sup·

259 2105 385 2174 ponunt
407 2104 439 2157 et
464 2103 611 2175 computa
637 2089 711 2154 iudi
735 2089 813 2154 inita
835 2109 907 2154 cum
932 2089 1148 2175 phaenomenis
1173 2090 1350 2158 coelestibus
1376 2093 1541 2179 quadrant.
1646 2129 1648 2132 ⁴

264 2195 366 2262 Porrb
387 2196 650 2284 quemadmodum
671 2194 794 2284 singula
815 2207 907 2260 terrae
927 2195 998 2260 loca
1018 2215 1078 2280 pro
1099 2207 1208 2260 centro
1229 2196 1362 2282 spbaerae
1383 2197 1543 2262 stellarum

264 2306 408 2390 usurpari
422 2317 536 2391 potest,
550 2301 595 2372 iat
607 2303 685 2390 fingi
697 2314 802 2388 potest
815 2303 849 2368 in
863 2303 969 2388 spatiis
990 2304 1166 2370 coelestibus
1192 2305 1345 2392 sphaerico
1365 2307 1544 2393 superficies

266 2413 354 2496 cujus
369 2423 455 2475 tanta
468 2411 509 2476 sit
522 2409 671 2476 diameter
685 2419 721 2472 ut
740 2407 823 2474 illius
844 2419 988 2494 respectu
1009 2423 1171 2476 evanescat
1192 2409 1273 2478 Solis
1287 2411 1337 2478 rel
1352 2413 1449 2478 stelloe
1463 2413 1545 2478 datoe

262 2517 419 2584 ail'ellure
428 2516 584 2594 ᾶίεωιῐία,
594 2526 626 2582 et
638 2515 732 2602 hujus
740 2515 873 2602 sphoerae
888 2528 1030 2580 centrum
1044 2516 1159 2601 poterit
1172 2517 1317 2584 collocari
1334 2517 1545 2584 indifferenter

264 2627 315 2693 vel
329 2628 362 2692 in
376 2630 460 2694 terri
473 2627 525 2693 vel
538 2629 572 2692 in
586 2626 652 2692 sole
666 2636 721 2691 aut
734 2626 768 2692 iu
783 2627 884 2711 spatio
897 2625 1092 2690 intermedio.
1235 2683 1239 2692 .

309 2745 360 2802 10.
383 2735 609 2819 Altitudopoli
627 2737 662 2801 P
680 2732 774 2820 suprd
795 2735 975 2800 horizontem
993 2745 1040 2800 est
1058 2735 1222 2802 meridiani
1241 2735 1546 2821 arcusPRapolo

268 2845 309 2910 ad
329 2845 523 2911 horizontem
543 2845 742 2932 interceptus.
786 2841 836 2909 Ea
849 2865 972 2930 semper
990 2843 1118 2932 aqualis
1133 2857 1181 2910 est
1194 2847 1281 2914 arcui
1296 2847 1323 2912 Z
1337 2845 1382 2910 ΖΕ
1398 2845 1546 2909 avertice

267 2953 294 3018 Z
309 2953 351 3018 ad
363 2963 553 3040 oequatoram
568 2950 613 3020 ΖΕ
626 2953 659 3030 Q
673 2949 864 3039 intercepto;
887 2953 970 3018 Nam
984 2953 1012 3039 si
1026 2975 1066 3018 ex
1081 2953 1188 3018 circuli
1202 2955 1425 3044 quadrantibus
1437 2954 1464 3019 Z
1476 2953 1504 3018 P
1516 2953 1548 3017 R

267 3072 300 3126 et
313 3059 358 3126 AE
374 3061 401 3126 Z
417 3059 445 3128 P
467 3047 658 3127 subducatur
678 3083 769 3126 araus
790 3061 963 3126 communis
980 3061 1006 3126 Z
1022 3061 1060 3139 P,
1082 3061 1288 3128 remanebunt
1307 3085 1398 3128 arcus
1412 3059 1548 3148 oequales

268 3168 312 3234 ΖΕ
336 3169 416 3236 Zet
438 3167 466 3236 P
488 3171 528 3236 R.
574 3171 714 3236 Altitudo
734 3171 897 3256 aepsmoris
910 3167 1004 3254 supra*
1017 3171 1198 3236 horizontem
1209 3183 1260 3250 ,ost
1274 3193 1364 3236 arcus
1384 3168 1549 3235 meridiani

268 3275 314 3341 AE
329 3275 377 3355 H,
400 3277 481 3342 inter
502 3287 692 3365 oequatorem
713 3288 745 3342 et
763 3276 958 3341 horizontem
979 3262 1186 3366 interceptum
1208 3278 1335 3366 aequalis
1350 3289 1398 3342 est
1412 3275 1549 3361 comple-

268 3397 377 3451 mento
400 3387 571 3452 altitudinis
594 3387 660 3474 poli
684 3409 738 3451 seu
763 3385 849 3450 arcui
876 3385 903 3450 Z
933 3386 971 3463 P,
998 3385 1094 3472 quod,
1124 3385 1229 3450 ablato
1257 3405 1298 3450 ex
1326 3383 1549 3472 quadrantibus

270 3494 308 3559 H
324 3491 1226 3565 AEZetAEZPcommuniarouAEZmanifestumest.
1248 3494 1550 3580 Altitudoopparens

268 3599 377 3668 sideris
398 3602 449 3668 vel
468 3604 578 3689 puncti
601 3599 764 3688 cujuslibet
785 3597 815 3665 L
837 3599 870 3663 in
891 3596 1014 3685 sphoert
1035 3597 1203 3678 mundani,
1226 3594 1418 3688 est'ungulus
1434 3600 1464 3665 L
1481 3599 1548 3678 Sv,

271 3707 331 3771 sub
352 3729 414 3795 quo
435 3731 476 3773 ex
498 3705 606 3775 oenu'o
630 3707 654 3774 S
673 3703 844 3772 horizontis
866 3704 1020 3770 sensibilia
1040 3704 1163 3770 videtur
1176 3727 1267 3774 arcus
1283 3703 1312 3770 L
1326 3727 1346 3770 v
1361 3705 1468 3771 circuli
1481 3729 1550 3772 ver·

270 3813 369 3898 tical‘n
389 3835 448 3902 per
470 3815 500 3880 L
521 3815 607 3880 ducti
628 3812 728 3900 usque
750 3813 791 3878 ad
813 3811 1007 3878 horizontem
1032 3809 1209 3879 sensibilem
1226 3810 1283 3877 hv
1297 3833 1360 3877 rx.
1405 3811 1550 3879 Altitudo

269 3943 344 3986 vera
364 3923 472 4008 puncti
496 3923 525 3988 L
547 3935 594 3988 est
614 3922 746 4010 angulus
767 3921 798 3986 L
820 3919 852 3986 T
873 3921 913 4000 V,
937 3943 992 3986 seu
1013 3921 1110 4008 ipsius
1131 3943 1278 3987 mensura
1299 3943 1388 3988 arcus
1414 3921 1496 3988 LV
1515 3925 1549 3988 hr

274 4027 391 4092 circulo
405 4029 541 4094 verticuli
556 4051 613 4116 per
627 4027 657 4093 L
671 4025 767 4092 ducto
781 4023 880 4114 usque
894 4026 935 4091 ad
948 4026 1142 4092 horizontem
1156 4027 1338 4094 rationalem
1355 4029 1392 4093 H
1407 4029 1438 4094 V
1455 4029 1485 4094 R
1501 4027 1546 4095 X.

274 4131 367 4200 Undis
381 4137 441 4234 ,(9)
471 4137 628 4202 stellarum
656 4134 791 4205 fixarum
817 4149 850 4202 et
875 4135 956 4203 Solis
985 4135 1162 4202 altitudines
1190 4150 1375 4224 apparentes
1404 4149 1436 4206 ot
1465 4160 1547 4208 rerae

258 4239 462 4309 coincidunt.

322 4355 374 4413 11.
395 4349 463 4416 ium
486 4347 561 4418 verb
589 4351 650 4438 qut
673 4352 792 4418 ratione
813 4352 1022 4438 phaenomena
1043 4341 1115 4441 que
1136 4341 1234 4439 supri'
1250 4353 1420 4434 retulimus,
1442 4355 1551 4438 etalio

274 4475 347 4544 quoe
380 4453 524 4546 deinceps
557 4459 736 4540 referemus,
768 4462 926 4527 observari
946 4462 1116 4548 potuerint,
1146 4464 1253 4550 paucis
1277 4487 1486 4552 exponemus3
1520 4477 1552 4532 et

273 4563 400 4650 quidem
423 4566 464 4630 ab
478 4565 692 4654 manatione
714 4566 886 4637 altitudinis
911 4575 1088 4659 apparentis
1111 4575 1246 4640 siderum
1267 4599 1337 4664 quae
1358 4578 1551 4664 proeoipuum

276 4676 374 4744 totins
390 4677 600 4744 Ashonomioe
613 4679 849 4750 irmdnrnentum
864 4697 921 4766 est,
937 4685 1061 4752 initium
1071 4685 1229 4754 ducemus.
1264 4686 1382 4753 Circuli
1396 4683 1551 4774 quadrans
