3516 5870
414 501 612 568 FLUXUS,
627 501 690 566 Ac
712 499 967 568 REFLUXUS
989 501 1148 569 Manis.
1361 507 1423 578 299

141 667 252 730 Altera
275 679 380 733 antem
405 669 569 734 difficultas
590 671 623 732 in
643 667 710 752 ipsd
732 669 851 754 analysi
873 681 920 734 est
939 671 1051 754 posita,
1075 668 1113 734 eb
1133 668 1220 756 quhd
1241 669 1300 734 iste
1321 683 1425 734 monis
1472 709 1477 761 y

139 773 234 836 maris
248 776 426 860 'reciprocus
447 797 573 859 prorsus
588 775 629 838 ait
641 773 782 838 diversus
796 775 836 838 ab
851 776 994 840 omnibus
1013 775 1256 843 oscillationibua
1270 798 1288 838 a
1302 775 1425 840 mathe-

139 879 260 944 maticis
281 879 385 946 adhuc
406 879 623 946 consideratis:
646 880 727 944 vires
748 881 833 942 enim
855 879 958 944 Luna
972 905 1009 944 ac
1025 881 1107 946 Solis
1122 903 1207 946 mare
1223 880 1425 945 sollicitantes

140 1006 243 1071 neque
266 1008 285 1049 a
310 987 369 1050 situ
393 987 531 1070 corporis
553 985 730 1064 oscillantis,
757 1007 860 1072 neque
881 986 921 1048 ab
942 988 1008 1070 ejus
1029 987 1186 1051 celeritate
1207 986 1356 1071 pendent,
1378 987 1427 1050 nti

139 1093 174 1157 id
195 1116 253 1158 usu
274 1094 411 1158 venitin
432 1094 578 1157 omnibus
592 1092 819 1156 oscillationum
835 1093 956 1157 casibus
978 1093 1072 1156 etiam
1087 1115 1172 1158 nuuc
1186 1095 1345 1178 expositis,
1368 1092 1426 1156 sed

139 1221 186 1264 eoe
200 1201 279 1264 vires
301 1223 320 1263 a
341 1200 401 1264 situ
423 1199 623 1264 luminarium
637 1210 780 1282 respectu
795 1197 916 1276 Terrae,
939 1199 1073 1284 idaeique
1088 1221 1107 1262 a
1122 1211 1263 1282 tempore
1278 1199 1426 1265 determi-

137 1322 262 1385 nantur,
285 1307 457 1392 cujusmodi
478 1306 686 1370 oscillationes
706 1327 800 1369 nemo
822 1304 935 1381 adhuc,
958 1317 1110 1390 quantum
1137 1305 1265 1390 quidem
1289 1316 1421 1383 constat,

138 1416 258 1479 calculo
280 1415 420 1499 subjecit.

181 1529 204 1606 §.
221 1531 239 1592 7
243 1535 273 1588 5.
296 1521 394 1598 Quod
408 1520 534 1608 quidem
548 1521 590 1584 ad
603 1522 740 1606 priorem
756 1521 968 1586 difficultatem
982 1521 1143 1608 physicam
1156 1523 1276 1599 attinet,
1298 1543 1348 1586 res
1363 1520 1426 1584 hoc

138 1631 265 1717 quidem
287 1641 427 1712 tempore
444 1627 508 1692 ferd
529 1627 694 1712 desperata
708 1626 850 1704 videtur3
873 1649 1060 1713 quamquam
1074 1628 1157 1692 enim
1172 1628 1212 1691 ab
1227 1627 1331 1714 aliquo
1345 1637 1426 1690 tem-

137 1759 216 1822 pore
237 1735 357 1800 theoria
380 1733 481 1799 motlrs
502 1757 654 1822 aquarum
676 1734 813 1822 ingentia
836 1735 876 1798 sit
894 1745 1035 1800 assecuta
1052 1721 1373 1811 incrementa'tamen
1387 1755 1426 1798 ea

139 1843 334 1928 potissimum
348 1853 469 1905 motum
483 1863 634 1926 aquarum
656 1842 688 1904 in
703 1842 783 1906 vasis
799 1853 831 1905 et
844 1840 927 1904 tubis
941 1841 1104 1904 fluentium
1119 1840 1299 1924 respiciunt,
1322 1862 1427 1926 neque

138 1953 193 2016 vix
224 1951 323 2014 ullum
355 1949 555 2014 commodum
584 1950 657 2014 inde
686 1949 726 2013 ad
755 1960 876 2012 motum
904 1948 1013 2010 oceani
1047 1944 1262 2010 deliniendum
1291 1943 1428 2010 derivari

83 2121 85 2132 .
137 2073 250 2148 potest.
296 2059 512 2135 Quamobrem
533 2061 566 2126 in
587 2059 649 2123 hoc
663 2061 792 2146 negotio
806 2058 891 2123 aliud
906 2059 1073 2146 quicquam
1094 2069 1244 2142 praestare
1258 2078 1322 2120 non
1336 2055 1424 2132 licet,

140 3299 199 3365 nisi
220 3315 256 3367 ut
275 3303 500 3390 hypothesibus
522 3295 715 3391 effingendis,
739 3325 810 3389 quoe
831 3303 994 3367 averitate
1010 3299 1104 3387 qudm
1117 3298 1246 3364 minime
1262 3297 1423 3378 abludunt,

139 3423 205 3477 tota
220 3414 350 3498 quaestio
364 3413 404 3478 ad
419 3413 680 3478 considerationes
696 3415 775 3499 pure
794 3413 998 3502 geometricas
1013 3426 1044 3478 et
1058 3411 1225 3496 analyticas
1241 3423 1424 3475 revocatam:

138 3517 267 3582 alteram
293 3533 397 3584 autem
420 3521 633 3585 difficultatem
652 3522 914 3598 mathematicam,
939 3521 1060 3585 etiamsi
1081 3519 1269 3584 difficillimis
1288 3521 1430 3606 integra·-

139 3625 277 3689 tionibus
303 3627 343 3690 sit
367 3627 514 3704 involuta,
538 3641 643 3692 tamen
667 3628 797 3692 feliciter
823 3649 972 3713 superare
997 3627 1194 3694 confidimus.
1252 3626 1429 3692 Considero

140 3732 257 3796 scilicet
278 3733 473 3817 superficiem
495 3757 584 3820 aquae
608 3735 640 3799 R
657 3736 689 3812 S,
712 3757 784 3820 quoe
803 3734 863 3798 hoc
884 3734 916 3796 in
937 3735 997 3798 situ
1012 3733 1220 3820 aequilibrium
1234 3745 1339 3798 teneat
1354 3753 1429 3796 cum

143 3837 261 3924 reliqua
285 3861 374 3925 aqua,
402 3841 528 3904 remotis
553 3841 670 3905 viribus
695 3843 851 3919 externis3
881 3841 931 3905 his
956 3839 1032 3906 verb
1054 3841 1271 3907 accedentibus
1299 3840 1428 3904 alternis

144 3944 260 4010 vicibus
274 3948 431 4012 attollatur
446 3951 479 4012 in
499 3950 541 4027 A,
564 3949 816 4036 deprimaturque
837 3949 870 4012 in
893 3949 932 4013 Β.
978 3947 1075 4025 Quod
1090 3950 1115 4012 si
1129 3949 1226 4036 igitur
1240 3971 1322 4034 aqua
1336 3947 1370 4010 in
1387 3943 1427 4011 M

145 4073 243 4138 usque
265 4054 304 4116 sit
324 4055 479 4142 depressa,
502 4068 595 4142 atque
616 4069 754 4120 exterma
774 4058 855 4120 vires
877 4055 958 4121 Solis
973 4077 1010 4119 ac
1026 4056 1127 4120 Lunae
1142 4055 1245 4120 subitd
1261 4067 1428 4132 cessarent,

146 4169 213 4221 tum
236 4160 267 4221 ri
290 4163 446 4246 gravitatis
469 4163 607 4248 propriae
630 4175 795 4227 conaretur
819 4185 885 4226 sese
911 4161 1031 4226 elevare
1054 4183 1151 4245 usque
1175 4161 1325 4224 insitum
1348 4159 1380 4224 R
1404 4161 1427 4225 S

146 4265 329 4342 naturalem,
353 4267 469 4354 isteque
484 4283 613 4334 conatus
628 4269 666 4332 ed
681 4271 740 4333 erit
754 4271 863 4355 major,
886 4269 949 4354 qud
964 4270 1062 4353 majus
1078 4267 1171 4332 fuerit
1186 4268 1321 4352 spatium
1343 4265 1371 4329 C
1389 4265 1428 4330 M

147 4395 211 4459 quo
232 4396 250 4435 a
272 4373 332 4435 situ
354 4375 485 4437 naturali
506 4376 608 4439 distat
654 4375 828 4441 Areritate
842 4376 946 4461 itaque
960 4396 1025 4440 non
1039 4374 1172 4438 multum
1188 4371 1380 4448 recedemus,
1404 4373 1430 4434 si

147 4478 229 4542 hanc
244 4478 307 4540 vim
327 4478 387 4562 ipsi
407 4481 506 4562 spatio
530 4479 613 4545 MC
634 4503 789 4566 ponemus
803 4481 1087 4566 proportionalem:
1111 4479 1315 4565 quamobrem
1329 4479 1433 4563 posito

147 4589 249 4674 spatio
272 4587 312 4651 M
329 4587 355 4650 C
370 4611 435 4650 =s
458 4589 516 4652 erit
534 4591 589 4666 ris,
612 4611 682 4675 quae
704 4611 794 4676 aqum
816 4589 1013 4674 superficiem
1035 4589 1068 4652 in
1090 4587 1130 4652 M
1144 4608 1243 4671 usque
1257 4585 1436 4670 depressam

148 4734 267 4802 attollet
279 4763 315 4790 =
329 4719 379 4879 ἐ,
396 4755 467 4820 quse
482 4733 661 4821 hypothesis
671 4739 710 4802 ad
721 4739 882 4804 veritatem
898 4737 936 4802 ed
950 4735 1079 4824 propirls
1090 4735 1219 4815 accedit,
1230 4705 1316 4824 qudd
1328 4747 1437 4822 sponte
