3516 5870
220 2787 228 2806 s
360 2757 761 2840 qq=rr,fietN=÷.-.

356 525 419 582 290
610 519 878 597 INQUISITIO
901 521 1107 587 PHYSICA
1130 467 1182 588 IN
1205 521 1400 591 CAUSAM

355 741 430 794 nato
444 757 478 786 =
495 689 976 855 Q
1000 730 1168 794 denotante
1184 728 1217 806 Q
1236 721 1339 796 sirium
1354 698 1569 796 declinationis
1592 729 1659 794 bo-

1297 905 1656 992 L(npr÷PR)Nr
1746 953 1747 960 1

1447 1009 1495 1070 ba

357 945 447 1010 realis
463 945 556 1030 Solis,
572 957 604 1010 et
618 945 716 1030 qejus
726 919 879 1021 ¹cosinnm,
891 942 1061 1010 habebitur
1071 945 1141 1011 hec
1151 946 1285 1032 equatio

355 1187 390 1214 =
407 1121 745 1254 S(tp
542 1119 672 1283 tPQ)
687 1119 761 1236 Tq,
777 1158 919 1246 neglecti
934 1159 1059 1226 fractio-

354 1352 395 1394 ne
410 1333 532 1414 ffiper
547 1351 641 1414 quam
657 1330 884 1396 incrementum
895 1333 942 1396 vis
958 1332 1061 1398 Lunae

355 1419 555 1524 multiplicari
581 1438 722 1502 deberet.
772 1437 932 1514 Quoniam
957 1453 1062 1520 autem

357 1547 451 1612 Luna
472 1569 491 1609 a
512 1545 687 1608 meridiano
708 1567 773 1609 non
796 1547 908 1630 procul
923 1547 1059 1626 distabit,

356 1655 430 1740 poni
445 1654 560 1739 poterit
574 1675 596 1716 n
606 1683 641 1710 =
655 1661 684 1729 1,
701 1667 795 1739 atque
810 1653 883 1720 urim
899 1656 939 1720 sit
953 1657 1061 1741 proxi·

355 1801 406 1866 me
420 1763 508 1928 ἑᾶς
520 1763 587 1928 Ξ-ἓ,
603 1800 794 1867 obtinebitur
810 1803 867 1868 iste
881 1803 969 1866 valor
985 1802 1016 1866 N
1027 1831 1062 1860 =

357 2201 465 2242 versus
481 2179 568 2245 dabit
582 2185 731 2267 temporis
744 2187 890 2271 spatium,
907 2211 972 2274 quo
983 2211 1065 2274 aqua

356 2299 429 2372 post
453 2289 619 2352 transitum
649 2291 752 2356 Lunae
779 2315 837 2378 per
861 2295 1069 2360 meridianum
1099 2293 1269 2360 maximam
1295 2287 1490 2354 altitudinem
1515 2283 1650 2370 attingit.

361 2434 429 2500 Sub
443 2447 603 2522 aequatore
617 2460 694 2526 ergo
708 2439 768 2504 erit
782 2439 816 2506 N
836 2467 871 2496 =
893 2403 1022 2567 'llll-trgi,
1046 2437 1089 2504 ob
1115 2441 1143 2504 P
1157 2467 1192 2495 =
1208 2449 1274 2502 oet
1294 2457 1365 2520 p=
1383 2443 1421 2510 1;
1443 2453 1540 2519 quare
1555 2433 1582 2494 si
1596 2428 1650 2493 de·

359 2606 541 2674 clinationes
563 2610 763 2676 luminarium
778 2613 827 2677 vel
849 2612 1051 2700 negligantur
1065 2611 1113 2676 vel
1128 2609 1262 2698 aequales
1277 2559 1483 2682 assumantur,
1506 2604 1549 2666 ita
1563 2615 1599 2665 ut
1613 2602 1651 2664 sit

697 2722 764 2785 Tt

718 2833 738 2885 4

1615 2879 1621 2906 l

362 2923 402 2989 M
418 2924 445 2989 P
461 2924 491 2989 L
513 2925 552 2990 sit
567 2923 631 2991 45⁰.
653 2950 715 3013 quo
737 2951 810 2994 casu
833 2931 893 2994 erit
916 2931 948 2995 N
962 2960 997 2988 =
1013 2935 1043 3014 g,
1067 2947 1099 2998 et
1120 2932 1253 3019 angulus
1276 2925 1467 3013 respondens
1481 2955 1514 2982 =
1529 2922 1568 2994 ¹1⁰.
1585 2925 1650 2988 ll'.

361 3031 414 3118 qui
430 3031 547 3096 indicat
562 3055 674 3118 aquam
690 3057 844 3099 summurn
860 3047 902 3102 30
917 3039 1046 3104 minutis
1060 3051 1132 3124 post
1150 3037 1314 3104 transitum
1330 3035 1432 3100 Lunae
1454 3056 1511 3118 per
1525 3029 1650 3096 meridi-

361 3161 456 3203 anum
477 3139 658 3228 contingere
679 3141 812 3208 debere:
836 3145 1027 3232 totidemque
1042 3147 1170 3211 minutis
1185 3169 1266 3232 aqua
1280 3156 1358 3208 ante.
1367 3143 1532 3206 transitum
1549 3140 1649 3204 Lunae

360 3271 418 3334 per
432 3249 638 3316 meridianum
652 3251 788 3316 maxirnd
804 3255 863 3318 erit
878 3255 1005 3332 elevata,
1031 3256 1057 3318 si
1075 3255 1130 3319 Sol
1145 3267 1211 3318 tum
1227 3249 1334 3317 vernis
1350 3271 1493 3315 occasum
1509 3261 1649 3312 versetur

361 3357 478 3446 angulo
502 3359 541 3422 M
561 3359 589 3422 P
605 3359 634 3424 L
647 3387 682 3416 =
699 3360 887 3426 semi-recto.
934 3361 1150 3438 Quamobrem
1164 3362 1190 3424 si
1212 3361 1305 3425 Luna
1320 3358 1362 3422 ad
1375 3357 1581 3420 meridianum
1595 3376 1651 3438 sp-

361 3464 458 3548 pellat
482 3464 562 3528 boni
584 3465 667 3530 nonai
694 3467 758 3531 sive
783 3467 936 3532 matutini
963 3470 1027 3532 sive
1047 3465 1274 3552 pomeridiani,
1300 3467 1406 3529 fluxus
1431 3464 1559 3528 demum
1580 3477 1651 3548 post
1744 3501 1745 3536 4

362 3571 567 3637 semi-horam
581 3574 713 3652 eveniet,
729 3576 802 3640 atsi
817 3575 896 3640 honi
911 3577 1002 3642 tertii
1018 3576 1157 3662 appellat
1172 3577 1266 3641 Luna
1279 3575 1320 3638 ad
1334 3573 1550 3651 meridianum,
1571 3597 1651 3661 aqua

362 3703 485 3748 summa
500 3687 561 3748 80¹.
578 3685 650 3750 ante
664 3687 896 3752 observabitur:
920 3689 952 3752 in
967 3690 1035 3753 aliis
1045 3689 1120 3753 verb
1133 3690 1244 3754 Terrae
1259 3689 1439 3778 regionibus
1454 3690 1511 3752 ista
1524 3687 1651 3751 aberra·

362 3794 407 3857 tio
421 3777 521 3882 magii
536 3808 583 3859 est
603 3795 804 3883 irregularis;
826 3798 952 3862 interim
974 3811 1079 3862 tamen
1095 3799 1168 3863 satis
1181 3820 1283 3884 prope
1298 3821 1339 3862 ex
1352 3797 1484 3863 formulis
1500 3794 1571 3860 dati
1594 3817 1651 3879 per

362 3903 461 3967 solam
475 3903 714 3968 aestimationem
727 3916 831 3988 potest
845 3905 979 3968 definiri.

406 4019 429 4096 §.
445 4023 497 4079 st.
521 4013 619 4088 Quod
635 4015 660 4076 si
674 4027 779 4079 antem
793 4014 876 4079 hanc
890 4037 957 4078 rem
972 4013 1109 4081 curatitis
1124 4016 1310 4104 investigere
1324 4015 1464 4094 velimus,
1489 4014 1649 4079 amborum

362 4123 563 4188 luminarium
578 4123 801 4189 declinationes
817 4147 881 4188 non
903 4145 963 4209 pro
985 4125 1115 4189 arbitrio
1130 4125 1250 4214 fingere
1271 4125 1353 4202 lieet,
1376 4123 1516 4210 pendent
1529 4123 1610 4186 enim
1631 4142 1651 4182 a

363 4255 396 4296 se
411 4231 521 4296 mutub
536 4231 672 4296 maxime
687 4234 729 4297 ob
744 4231 894 4319 angulum
908 4230 1071 4297 horarium
1087 4231 1127 4297 M
1143 4233 1171 4298 P
1187 4233 1217 4296 L
1231 4233 1312 4296 inter
1327 4255 1364 4296 ea
1386 4233 1583 4317 interjectum
1596 4227 1650 4292 du·

363 4350 446 4403 tum:
470 4339 615 4426 utigitur
635 4361 695 4426 pro
709 4339 783 4404 dant
806 4339 907 4404 Luuae
928 4340 1020 4424 phnsi
1041 4341 1268 4405 aberrationem
1283 4339 1431 4404 maximae
1447 4361 1537 4426 aquae
1553 4337 1650 4401 eleva-

362 4447 456 4510 tionis
471 4470 491 4511 a
505 4447 637 4510 transitu
659 4447 762 4510 Lunae
783 4467 840 4530 per
854 4447 1062 4511 meridianum
1077 4447 1328 4525 determinemus,
1344 4459 1549 4532 repraesentet
1563 4445 1651 4510 uobis

364 4553 497 4644 circulus
514 4557 539 4620 Z
556 4555 585 4621 B
602 4553 634 4618 N
651 4555 678 4620 C
694 4555 871 4621 verticalem
884 4557 1079 4640 primarium,
1099 4555 1127 4619 B
1145 4553 1174 4622 C
1194 4555 1399 4632 horizontem,
1418 4555 1444 4620 Ζ
1461 4555 1493 4620 Ν
1507 4553 1652 4628 meridia·

264 4741 272 4758 .
364 4683 439 4726 num
454 4685 511 4746 per
525 4665 590 4728 dati
605 4665 665 4728 loci
680 4665 784 4730 zenitb
801 4665 826 4730 Z
841 4677 874 4730 et
887 4665 978 4730 nadir
995 4663 1027 4727 N
1042 4662 1183 4742 ductum,
1200 4681 1293 4753 atque
1308 4679 1449 4751 aequator
1464 4666 1505 4728 sit
1521 4665 1550 4728 B
1567 4664 1653 4749 Ac,

361 4768 455 4858 polus
471 4772 613 4836 australis
627 4794 660 4857 p,
684 4787 716 4837 et
738 4773 880 4858 ecliptica
901 4785 927 4827 Π
944 4785 976 4828 ὑ
998 4782 1041 4835 ⁴⁴.
1088 4771 1286 4838 Constitutus
1307 4795 1391 4836 nune
1407 4773 1447 4836 sit
1464 4769 1518 4837 Sol
1534 4771 1568 4836 in
1585 4773 1655 4836 Set

765 2805 774 2836 ‚
791 2761 878 2845 cujus
893 2761 1102 2844 expressionis
1118 2757 1205 2822 valor
1219 2768 1304 2820 extat
1315 2753 1469 2818 maximus
1482 2749 1507 2814 si
1518 2747 1650 2835 angulus
1746 2752 1747 2800 i
