3520 5884
308 463 384 510 xxiv
789 456 1126 536 INTRODUCTIO
1224 537 1229 544 .
1436 485 1535 566 [Cen.
1553 491 1602 558 11.

306 615 507 703 Msipermis
517 621 747 692 nobilissimum
757 651 837 715 opus
853 633 893 700 de
907 635 1010 724 figuti
1025 641 1145 712 telluris
1158 669 1218 733 per
1230 651 1463 728 observationes
1482 665 1523 730 ad
1538 669 1599 732 cir·

304 723 410 788 culum
424 726 564 810 polnrem
580 731 721 799 definies.
842 807 843 812 ,
1108 754 1112 764 ’

346 839 398 902 27.
423 835 583 904 Refiaotio
597 841 707 908 sideris
722 843 974 931 declinationem,
990 861 1205 930 ascensionem
1219 879 1348 950 rectem,
1363 824 1597 964 longitudinem

302 959 339 1004 no
367 939 565 1010 latitudinem
593 947 688 1015 afficit
718 963 751 1016 et
779 975 871 1022 mous
901 959 1010 1026 circuli
1038 969 1169 1036 maximi
1192 997 1257 1061 quo
1282 978 1394 1048 sideris
1414 984 1596 1069 declinatio,

299 1049 441 1117 ascensio
463 1065 557 1132 recta,
578 1053 744 1144 longitudo
764 1073 796 1126 et
816 1062 951 1130 latitudo
970 1071 1123 1142 minuitur
1142 1081 1193 1148 vel
1211 1099 1345 1174 nugetur
1358 1113 1418 1176 per
1431 1094 1595 1164 refractio·

262 1169 265 1186 ¹
298 1175 382 1234 nem,
405 1156 520 1222 dicitur
539 1159 686 1228 redactio
706 1165 921 1236 declinationis
935 1175 985 1246 vel

297 1266 487 1331 ascensionis
502 1281 606 1349 recte,
629 1273 705 1350 &c.;
728 1287 815 1340 etex
830 1277 901 1344 dats
918 1281 987 1348 nlti-

296 1372 414 1437 tudinis
443 1375 629 1443 refractione
663 1379 735 1445 aliae
764 1383 987 1458 refractionem

295 1481 711 1572 speciesinreniripossunt.
743 1491 985 1586 Neminfigurfi

294 1591 448 1675 superiori
474 1593 589 1660 dentur
613 1598 647 1661 in
671 1599 831 1689 triangulo
857 1627 873 1669 s
902 1607 928 1670 Z
957 1607 985 1672 P
1030 1605 1072 1668 E

180 1750 181 1754 ,
291 1695 986 1797 latestetZPcumnngulosZPet

290 1805 366 1872 inde
388 1811 544 1895 reperitur
566 1813 647 1880 lntus
673 1839 689 1882 s
716 1819 745 1886 P
768 1841 840 1886 clun
865 1825 983 1912 angulo
1116 1881 1122 1905 ,

290 1937 306 1979 s
330 1915 358 1981 P
381 1918 407 1982 Z
429 1921 518 2006 cujus
538 1943 687 1990 mensure
708 1937 756 1991 est
777 1949 869 1994 arcus
884 1930 930 1998 AE
949 1933 981 2012 d,
1084 1958 1085 1963 ¹

286 2023 373 2090 unde
396 2025 469 2091 otim
493 2028 586 2095 detur
610 2055 701 2097 arcus
722 2033 768 2099 AE
788 2035 834 2115 D,
854 2037 982 2106 dabitur

286 2155 377 2200 arcus
399 2135 474 2203 dD
493 2137 639 2205 refractio
665 2143 855 2209 ascensionis
883 2159 980 2212 rectae

284 2241 395 2309 sideris
419 2245 460 2322 S;
482 2259 515 2311 et
536 2248 610 2333 quia
628 2247 744 2314 dantur
763 2273 854 2316 orcus
873 2253 973 2322 dcet

284 2351 318 2415 D
336 2352 369 2428 S,
385 2349 512 2415 debitam
526 2351 621 2414 etiam
640 2352 755 2417 horum
776 2377 906 2421 arcuum
928 2357 1114 2434 differentia,
1131 2376 1202 2440 quoe
1217 2365 1264 2416 cst
1279 2352 1423 2420 refioctio
1439 2355 1576 2420 declina·

282 2458 385 2524 tionis.
432 2459 496 2526 Sed
515 2459 597 2526 datis
620 2461 830 2529 declinatione
851 2479 884 2532 et
908 2465 1090 2532 ascensione
1113 2460 1218 2528 recti:
1244 2463 1355 2547 puncti
1379 2463 1516 2548 cujusvis
1540 2465 1574 2528 in

281 2565 407 2652 sphaers
428 2567 597 2646 mundani,
620 2568 736 2637 dantur
756 2570 854 2657 ipsius
875 2572 1009 2640 latitudo
1029 2587 1061 2640 et
1084 2567 1249 2658 longitudo
1267 2569 1354 2653 (18);
1375 2581 1461 2654 petet
1476 2571 1571 2658 igitur

280 2673 440 2761 quomodo
452 2673 625 2740 latitudinis
641 2689 673 2742 et
686 2675 891 2766 longitudinis
905 2681 1108 2748 refractiones
1121 2677 1243 2764 possint
1256 2675 1398 2741 inveniri.
1460 2767 1462 2774 ‚

323 2789 375 2848 28.
397 2781 534 2846 Jemde
554 2785 776 2851 Paratomos
795 2807 897 2871 pauca
917 2789 1009 2854 nobis
1036 2785 1205 2854 delibanda
1228 2797 1310 2850 suun
1356 2784 1489 2863 Caetera,
1515 2785 1571 2852 ubi

277 2913 358 2978 opus
379 2892 483 2972 fuerit,
507 2895 571 2959 suis
592 2894 669 2960 locis
691 2917 898 2982 exponemus.
943 2899 1054 2986 Itaque
1075 2895 1222 2962 distantia
1240 2893 1383 2958 locorum
1397 2894 1431 2956 in
1445 2893 1568 2978 sphaeri

277 2999 397 3068 coelesti
415 3001 457 3065 ad
478 3023 550 3087 quae
572 3001 658 3066 sidus
672 3003 723 3068 vel
736 3003 969 3089 phaenomsnon
985 3004 1117 3092 quodvis
1132 3025 1151 3066 e
1166 2999 1331 3086 superficie
1345 2999 1465 3066 telluris
1480 3012 1512 3065 et
1527 3023 1568 3065 ex

275 3112 341 3196 ejus
363 3123 473 3178 centro
494 3125 668 3198 spectatum
690 3114 833 3194 refertur,
857 3113 922 3180 sivi
943 3136 1034 3180 arcus
1057 3111 1165 3179 circuli
1186 3109 1315 3174 maximi
1332 3110 1414 3174 inter
1435 3109 1489 3173 ills
1502 3109 1567 3173 duo

272 3215 344 3284 loca
357 3219 557 3304 interceptus,
580 3220 678 3306 ipsius
693 3221 804 3300 sideris
819 3233 873 3287 sut
886 3220 1089 3308 phaenomeni
1104 3217 1272 3305 pernllsxis
1287 3217 1472 3304 appellatur,
1495 3240 1566 3304 quae

272 3328 406 3411 proinde
427 3329 515 3394 nulls
536 3329 589 3396 est
602 3330 664 3395 nisi
679 3341 772 3396 terne
787 3330 1018 3396 semidiameter
1035 3327 1213 3395 sensibilem
1227 3323 1342 3388 habeat
1355 3325 1508 3390 rationem
1523 3325 1565 3389 ad

273 3433 452 3500 &mutiam
472 3435 583 3501 sideris
605 3459 625 3502 e
645 3437 738 3504 terri.
785 3439 835 3505 Sit
850 3438 882 3503 T
897 3451 1040 3506 centrum
1055 3435 1174 3502 telluris
1189 3454 1226 3497 ac
1242 3431 1313 3496 coeli
1321 3456 1330 3509 3
1354 3433 1386 3497 A
1401 3433 1510 3498 oculus
1529 3433 1563 3498 in

271 3543 435 3628 superficie
456 3547 614 3624 terrae3Z
635 3548 740 3614 zenith
761 3547 823 3611 loci
846 3549 896 3625 A;
920 3550 955 3627 Q
976 3548 1060 3612 sidus
1082 3546 1132 3612 vel
1154 3543 1388 3630 phaenomenon
1412 3541 1562 3628 quodvis3

206 3669 211 3685 ¹
272 3651 302 3716 C
325 3653 406 3730 QP
430 3655 585 3722 verticalis
607 3679 664 3740 per
686 3656 722 3732 Q
742 3655 914 3732 trarniens3
942 3655 968 3720 Z
992 3658 1015 3721 S
1038 3656 1074 3720 X
1097 3656 1134 3719 H
1159 3652 1313 3718 verticulis
1339 3653 1372 3714 in
1396 3649 1561 3736 superficie

270 3761 404 3846 sphaerm
425 3764 579 3842 coelestis;
603 3766 636 3830 A
657 3763 685 3829 B
705 3765 734 3829 E
756 3763 910 3829 verticalis
934 3765 968 3828 in
991 3763 1158 3850 superficie
1180 3775 1292 3840 terrae;
1315 3761 1347 3826 T
1370 3760 1407 3825 H
1428 3759 1559 3826 horizon
1613 3773 1614 3776 ’

269 3871 428 3936 rationalis
450 3885 482 3936 ct
496 3872 566 3937 Ah
588 3870 719 3936 horizon
740 3870 905 3937 sensibilis.
953 3870 1018 3936 His
1039 3868 1084 3934 itt
1105 3868 1290 3946 constitutis,
1307 3867 1395 3933 locus
1408 3865 1555 3952 physicus

268 3979 379 4044 sideris
390 3981 434 4060 Q,
450 3991 498 4046 est
511 3991 664 4065 punctum
678 3980 757 4044 illud
771 3981 804 4046 in
817 4003 884 4066 quo
898 3978 1009 4046 sideris
1020 3990 1162 4046 censum
1172 3976 1281 4042 haeret.
1319 3975 1425 4041 Locus
1436 3975 1555 4062 opticus
1658 4083 1659 4088 γ

267 4109 421 4172 apparens
444 4111 500 4156 seu
520 4090 606 4154 visus
630 4100 677 4154 est
697 4101 849 4174 punctum
865 4090 896 4153 V
910 4089 943 4153 in
959 4089 1125 4174 superficie
1139 4087 1277 4174 sphaerae
1288 4085 1430 4166 coelestis,
1447 4087 1478 4150 in
1495 4108 1558 4174 quo

265 4207 352 4260 recte
365 4217 406 4261 ex
420 4197 512 4262 oo'ulo
527 4197 560 4262 A
574 4219 632 4282 per
647 4209 790 4262 centrum
804 4195 915 4261 sideris
927 4195 960 4272 Q
974 4195 1276 4261 ducta‘terminatur.
1314 4193 1420 4256 Locus
1431 4194 1554 4279 opticus

265 4326 358 4369 verus
382 4316 430 4369 est
453 4317 606 4391 punctum
631 4307 654 4371 S
679 4305 712 4370 in
738 4305 902 4391 superficie
924 4303 1058 4392 spbnerae
1082 4305 1215 4382 coelestis
1237 4303 1354 4388 inquo
1373 4303 1558 4366 terminetur

268 4425 355 4476 recta
369 4411 453 4475 linea
467 4413 498 4477 T
514 4413 547 4490 Q
564 4413 587 4479 S
602 4435 643 4477 ex
657 4425 750 4477 terrae
764 4423 872 4478 centro
888 4412 920 4477 T
933 4433 991 4498 per
1007 4411 1040 4488 Q
1055 4412 1159 4478 ducta·
1202 4411 1385 4474 Paratianis
1406 4422 1453 4474 est
1466 4430 1557 4516 arcus

272 4519 342 4584 SV
366 4518 430 4582 sive
453 4519 628 4585 differentia
649 4519 784 4584 duorum
798 4520 939 4583 locorum
956 4519 1141 4620 opticorum.
1185 4517 1322 4600 Angmlrn
1336 4517 1557 4600 percunctans

269 4648 321 4714 qur
343 4626 531 4712 plerumnque
553 4629 646 4692 etiam
666 4629 850 4702 Parallcsis
872 4637 1007 4704 vocatur,
1034 4637 1082 4689 est
1103 4622 1236 4710 angulus
1259 4624 1290 4687 A
1307 4623 1339 4698 Q
1355 4623 1387 4686 T
1407 4643 1500 4706 quem
1521 4621 1555 4686 in
1642 4635 1648 4650 ·
1748 4621 1749 4636 ¹
