3520 5884
195 537 307 601 Leaen
320 533 504 613 Tanarus]
548 533 790 602 PRINCIPIA
813 535 1183 612 MATHEMATICA.
1431 547 1472 612 ‘ti

192 706 296 770 flagrare
311 705 337 752 in
350 705 456 765 iootptts
470 704 571 752 centrale
586 703 640 754 Josi
657 704 739 762 simile,
757 705 818 754 circa
850 707 951 754 neutrale
967 707 1048 754 debeat
1066 707 1178 756 removeri
1195 724 1209 755 a
1227 717 1314 768 puncto
1332 710 1357 758 tt
1369 719 1394 760 et
1406 727 1471 760 soce

183 771 264 832 ¹quod,
283 769 373 817 semote
395 769 454 815 Solis
474 768 570 824 actione,
588 768 678 816 satelles
690 770 780 831 gratim
795 767 817 816 L
849 769 903 816 dere
914 785 992 817 vasus
1005 771 1032 828 P,
1046 772 1091 818 hoc
1107 783 1142 818 est
1155 771 1272 819 transferri
1282 787 1311 818 ea
1327 773 1335 818 i
1351 789 1429 821 versus
1441 775 1470 833 13

192 835 321 881 dsscrl'oere
341 833 424 893 poterit
444 832 542 879 orbitam
571 832 592 878 P
614 833 637 886 Q
658 833 682 880 lt
702 833 725 880 T
746 833 817 892 priori
850 833 883 880 its
897 845 924 881 ut
939 834 1139 882 centntns¹orbite
1154 835 1472 891 satellitierernotiusssse

195 901 218 946 A
227 899 247 944 C
256 898 278 944 B
287 897 311 943 D
317 897 428 958 aqualem
436 913 443 951 3
450 895 583 942 restituatur
589 896 647 943 Solis
654 897 720 952 acrio,
726 897 786 942 actio
793 913 817 942 e-
851 895 933 943 debest
942 914 956 943 a
969 899 1023 945 Sole
1033 897 1104 960 quim
1115 900 1187 958 ipsius
1197 913 1280 958 corpus
1290 900 1397 946 centrale.

190 957 818 1023 jusinutrnmquesatellitemeritaqualisinsimilibus
882 959 938 1008 Jatn
959 959 1013 1008 vead
1033 961 1086 1008 dieo
1106 961 1165 1009 illud
1186 975 1270 1020 oorpus
1288 963 1388 1010 neutrale
1404 961 1435 1010 sd
1456 965 1472 1012 Ι

193 1025 320 1070 orbitarum
328 1022 436 1081 panotis;
447 1037 501 1068 nam
510 1031 603 1083 propter
610 1023 728 1084 ingentem
736 1024 818 1083 puncti
850 1024 967 1070 transferri
983 1025 1073 1081 debera,
1092 1040 1145 1072 nam
1162 1025 1191 1072 eit
1206 1025 1400 1084 corpuscentsale
1410 1027 1434 1072 in
1448 1028 1470 1084 1,

197 1087 215 1135 8
231 1085 360 1134 ἀίειιιιιίιιιι
376 1085 420 1132 erit
432 1085 449 1132 S
463 1085 485 1132 A
501 1083 532 1132 ed
549 1085 565 1130 S
579 1085 606 1141 P,
623 1096 646 1132 et
655 1083 675 1133 ’8
688 1087 709 1133 B
721 1086 751 1134 ad
764 1087 780 1133 8
794 1085 818 1134 R
851 1087 939 1134 semotis
951 1087 1012 1134 Solis
1028 1089 1124 1144 actione,
1142 1087 1232 1135 satelles
1244 1089 1267 1134 L
1277 1088 1358 1135 eodem
1368 1099 1472 1150 tempore

193 1197 221 1234 nt
234 1187 250 1234 S
262 1187 274 1234 1
286 1185 316 1232 ad
329 1185 364 1232 Si
389 1183 488 1248 ideoque
498 1196 526 1234 ut
537 1151 639 1235 —l-ad
650 1155 714 1225 -Ξ-
758 1187 816 1235 revi·
849 1151 967 1228 Ρεήοά-ἰοῦ
982 1166 1009 1198 ⁸⁰
1024 1152 1088 1212 prim
1103 1151 1219 1226 describet·
1229 1151 1328 1226 ‘mpiim
1340 1152 1407 1213 euim
1416 1168 1472 1200 ω’

365 1219 372 1242 ’
537 1228 603 1288 ssd
652 1231 683 1290 ν’
702 1244 716 1276 9
739 1204 756 1250 g
850 1223 913 1260 trum
929 1229 943 1271 ι,
964 1215 1029 1262 iocus
1045 1214 1097 1261 verd
1113 1215 1126 1261 Ι
1143 1224 1167 1261 et
1182 1229 1230 1260 asts
1246 1229 1319 1276 major
1338 1215 1361 1260 R
1374 1214 1401 1275 P,
1419 1219 1472 1278 (per

190 1296 248 1335 tates
262 1287 287 1334 in
303 1286 336 1334 eis
346 1287 440 1348 punctis
457 1287 533 1336 forent
543 1299 570 1338 ut
580 1289 596 1337 d
607 1289 637 1338 ad
647 1307 668 1349 e,
683 1289 781 1353 idedque
798 1289 818 1336 ai
852 1279 905 1326 0⁰1·
924 1277 993 1351 131012·
1007 1278 1064 1325 XV·
1086 1278 1138 1325 Lib·
1158 1279 1194 1338 1.)
1217 1287 1242 1325 ⁰²
1257 1277 1282 1323 ³¹¹
1299 1275 1409 1324 ”⁸¹5⁰ssst
1427 1278 1472 1328 ¹¹¹²

659 1376 661 1382 s
850 1339 959 1387 distantni
975 1343 986 1388 1
1000 1343 1026 1398 Q
1041 1343 1107 1408 (Cor.
1129 1347 1153 1388 4.
1171 1340 1242 1400 Prop·
1264 1338 1337 1388 XVI.
1362 1341 1414 1388 Lib.
1434 1343 1470 1404 1.)

850 1403 993 1452 uelocitatem
1004 1405 1109 1452 eamdem
1120 1403 1212 1451 babebit
1221 1418 1292 1465 quam
1303 1405 1371 1451 habet
1380 1404 1471 1453 satelles

850 1466 898 1513 lin
915 1483 958 1514 sno
973 1467 1066 1524 circulo,
1083 1469 1175 1531 qualem
1190 1483 1211 1514 v.
1225 1481 1259 1530 gr.
1273 1469 1342 1514 hebet
1356 1469 1379 1514 io
1399 1470 1471 1516 Cubi

780 1580 781 1592 ἵ
850 1531 998 1577 velocitatum
1018 1532 1110 1578 illarum
1128 1531 1264 1579 directiones
1283 1541 1339 1577 sunt
1355 1531 1471 1590 parellela

851 1601 899 1639 tatn
913 1594 974 1640 inter
989 1609 1013 1642 se
1026 1594 1097 1658 quim
1108 1595 1219 1642 dimsetro
1233 1595 1256 1641 R
1269 1595 1297 1652 P,
1309 1603 1333 1641 et
1342 1597 1373 1642 ob
1383 1595 1470 1642 distan-

851 1657 935 1704 tiarum
954 1657 966 1704 1
981 1659 1006 1713 Q
1020 1671 1043 1706 et
1061 1659 1072 1706 l
1087 1659 1106 1706 C
1123 1659 1277 1721 equalitatem
1291 1659 1349 1704 sires
1359 1659 1470 1705 ceruales

850 1729 905 1766 sunt
920 1721 1018 1782 reqnsles
1031 1722 1162 1768 directionis
1171 1721 1305 1783 obliquitate
1316 1721 1413 1782 paulum
1423 1721 1469 1769 dii·

849 1784 962 1831 l'erentes:
989 1785 1086 1834 addatur
1101 1787 1151 1847 jam
1168 1785 1229 1832 actio
1249 1785 1316 1842 Solis,
1331 1795 1354 1832 et
1369 1784 1425 1832 ctlm
1441 1786 1471 1832 sit

852 1847 869 1894 8
883 1848 906 1901 Q
922 1847 952 1894 ad
967 1849 1015 1896 SC
1036 1859 1062 1894 ut
1083 1850 1116 1896 Si
1132 1849 1161 1895 ad
1176 1849 1192 1895 S
1206 1847 1218 1894 1
1233 1849 1334 1894 actiones
1348 1847 1395 1894 illte
1412 1849 1471 1896 Solis

846 1914 891 1974 (ss
907 1911 970 1972 Hyp.
984 1921 1007 1958 et
1023 1912 1194 1970 demonstratis)
1210 1911 1236 1956 its
1252 1911 1361 1960 satellites
1374 1911 1471 1963 diversae

849 1975 973 2036 gravitatis,
993 1975 1032 2021 sed
1050 1975 1135 2034 positos
1152 1975 1176 2020 in
1196 1976 1222 2028 Q
1238 1983 1262 2020 et
1282 1975 1301 2021 C
1316 1986 1385 2021 erunt
1400 1977 1471 2022 etiam

851 2037 961 2097 aequalem
973 2039 1102 2084 movebitur
1112 2051 1167 2098 ergo
1178 2037 1268 2083 satelles
1280 2038 1302 2084 L
1313 2037 1337 2083 in
1347 2037 1470 2085 mediocri-

850 2101 894 2146 bus
904 2099 1016 2148 distantiis
1030 2102 1055 2155 Q
1068 2109 1091 2146 et
1106 2101 1128 2146 T
1138 2109 1166 2146 ut
1176 2099 1266 2146 satelles
1276 2100 1286 2146 l
1295 2111 1401 2147 moretur
1411 2102 1436 2148 in
1449 2102 1469 2148 C

844 2171 874 2208 ‘et
887 2163 911 2209 D
926 2179 996 2225 quam
1012 2161 1122 2223 proxime,
1138 2173 1185 2209 tans
1202 2162 1290 2210 ratione
1303 2163 1403 2222 eorporis
1416 2180 1470 2212 cen-

850 2226 913 2272 tralis
927 2228 939 2273 Ι
954 2225 1026 2289 quim
1043 2226 1114 2276 enam
1129 2241 1158 2274 ex
1172 2225 1283 2288 adjuncta
1295 2226 1386 2273 setiam
1403 2228 1471 2284 Solis,

849 2291 988 2337 mutationes
998 2289 1052 2337 verti
1063 2305 1090 2336 ea
1102 2290 1157 2338 Sole
1168 2289 1294 2350 pendentes
1304 2289 1329 2335 in
1340 2290 1362 2334 A
1374 2298 1398 2335 et
1410 2289 1436 2343 P,
1447 2303 1471 2336 et

783 2395 787 2410 ,
834 2351 873 2398 .in
892 2353 916 2399 lt
932 2363 955 2400 et
972 2353 995 2400 B
1011 2355 1109 2416 aquales
1125 2365 1186 2409 sunt,
1202 2354 1257 2416 qstia
1270 2362 1327 2402 sunt
1341 2351 1471 2402 differentis

847 2415 950 2476 ejusdem
963 2417 996 2463 vis
1008 2418 1067 2464 Solis
1077 2419 1103 2465 in
1115 2418 1127 2466 Ι
1139 2427 1163 2466 et
1173 2418 1257 2464 virium
1270 2418 1330 2466 Solis
1340 2418 1364 2464 in
1375 2418 1430 2464 Aet
1440 2419 1469 2476 P,

771 2509 775 2518 .
848 2487 908 2524 utet
920 2478 1002 2526 vitium
1016 2481 1075 2527 Solis
1086 2481 1110 2526 in
1127 2481 1184 2528 Ret
1200 2481 1231 2539 P,
1249 2481 1307 2528 vires
1317 2483 1432 2529 sutem‘in
1446 2483 1469 2528 A

847 2549 871 2586 et
883 2542 969 2590 Psunt
979 2545 1079 2606 aquales
1088 2559 1116 2591 aa
1130 2545 1195 2606 Hyp.
1206 2554 1230 2592 et
1240 2545 1302 2594 darn.
1311 2553 1369 2592 atet
1379 2544 1403 2590 in
1415 2545 1438 2592 ll
1446 2555 1470 2592 et

848 2602 880 2654 Β.
916 2607 985 2654 Unde
996 2607 1050 2654 edm
1061 2609 1096 2654 sis
1106 2607 1207 2676 primarii
1219 2623 1305 2670 magna
1315 2607 1429 2654 censenda
1440 2609 1470 2656 sit

847 2679 952 2729 respectu
970 2671 1005 2716 ris
1025 2671 1056 2728 ὃς
1071 2671 1172 2718 rationes
1189 2671 1274 2718 virium
1290 2672 1469 2730 centripetarum

847 2733 990 2780 residuamm
1005 2735 1030 2780 in
1049 2735 1104 2782 Pet
1117 2737 1147 2790 A,
1162 2736 1184 2782 B
1199 2744 1222 2780 et
1239 2736 1260 2780 ll
1270 2744 1366 2780 manent
1376 2735 1469 2780 interae

846 2795 871 2839 in
882 2796 962 2842 eadem
979 2797 1066 2843 ratione
1074 2814 1104 2844 ec
1114 2799 1134 2843 si
1145 2797 1210 2844 nulla
1220 2799 1280 2844 foret
1290 2797 1349 2843 aetio
1362 2797 1428 2852 Solis,
1446 2805 1470 2844 et

845 2868 874 2904 nt
889 2858 977 2906 motti
987 2861 1078 2908 actione
1091 2862 1151 2908 Solis
1161 2876 1243 2908 curvas
1252 2876 1306 2908 suas
1316 2859 1397 2907 iisdem
1410 2869 1468 2906 tem-

441 2867 534 3036 ᾖς
845 2921 939 2979 poribus
954 2921 1081 2970 describere
1095 2923 1221 2981 iaciebant,
1241 2923 1356 2970 celeritate
1374 2923 1469 2984 quidem

845 2985 925 3046 majori
936 2985 961 3030 in
974 2986 1003 3042 P,
1015 2986 1099 3034 minori
1111 2987 1135 3032 in
1150 2987 1178 3040 lt.
1190 2987 1268 3034 medis
1275 2985 1329 3034 rerd
1340 2987 1365 3032 in
1375 2991 1396 3032 Δ
1406 2995 1429 3032 et
1438 2987 1468 3042 B,

842 3045 922 3110 itaque
931 3048 1010 3096 eadem
1018 3049 1123 3110 proxime
1130 3050 1159 3098 iis
1167 3051 1192 3096 in
1200 3049 1293 3112 punctis
1301 3050 1403 3096 manebit
1410 3049 1469 3095 ratio

189 3111 296 3162 satellites
306 3113 382 3163 forent
393 3129 458 3177 seque
465 3129 553 3178 graves
565 3111 658 3173 paribus
667 3109 692 3160 in
699 3109 813 3161 disbamds
845 3107 1004 3170 descriptionis
1012 3127 1148 3170 curvarum
1160 3112 1214 3160 adm
1224 3127 1279 3174 ergo
1286 3113 1469 3160 demonstratum

189 3178 310 3240 pravitates
320 3177 344 3223 in
355 3177 388 3224 eis
398 3180 491 3240 puncn'e
501 3179 610 3224 iorentut
618 3176 633 3223 d
641 3177 670 3225 sd
678 3194 698 3234 e,
710 3177 749 3222 sed
758 3177 814 3237 qnia
844 3173 942 3236 sitquod
951 3175 974 3220 in
982 3177 1074 3235 punctis
1088 3177 1203 3231 PQRT,
1219 3178 1242 3223 A
1250 3178 1270 3224 C
1278 3177 1299 3224 B
1307 3177 1398 3224 Dactio
1409 3176 1469 3222 Solis

188 3239 286 3304 gravitas
292 3239 813 3304 satellitisleetedgravitstemsatellitiaLuta
845 3251 891 3282 non
903 3240 979 3284 turbet
988 3238 1124 3286 relationem
1138 3254 1191 3302 quae
1205 3239 1327 3287 intersedit
1341 3240 1402 3284 inter
1417 3253 1468 3284 mo-

187 3302 218 3350 ad
229 3303 253 3359 d,
260 3313 421 3362 compensatur
431 3303 556 3352 discrimen
564 3302 715 3364 maritatisaa
726 3301 812 3348 distan-
844 3299 901 3346 dum
912 3313 960 3361 qno
967 3315 1043 3348 cumas
1052 3301 1098 3348 illas
1111 3302 1133 3349 P
1143 3304 1168 3356 Q
1178 3303 1201 3350 R
1211 3303 1240 3358 T,
1252 3307 1274 3349 A
1285 3304 1305 3349 C
1314 3302 1335 3348 B
1347 3301 1372 3348 D
1382 3300 1467 3348 descri-

144 3419 145 3424 ,
187 3365 221 3413 ut
231 3375 307 3412 αιιιιιι
318 3381 360 3426 per
375 3367 499 3416 discrimen
515 3365 633 3430 gravitatis
648 3381 676 3414 ss
691 3365 812 3427 hypothesi
845 3365 938 3420 bunun,
950 3363 1005 3411 edm
1017 3366 1100 3412 virium
1111 3365 1212 3412 rationes
1223 3364 1311 3412 eedem
1321 3373 1430 3411 maneant
1440 3379 1467 3410 so

187 3429 350 3477 constitutum:
365 3431 463 3478 mutatio
470 3440 608 3491 ensemque
616 3444 644 3476 ea
654 3429 744 3476 actione
752 3428 812 3475 Solis
844 3427 909 3486 prins
916 3427 1100 3488 quamproxime,
1113 3427 1175 3474 idem
1182 3428 1251 3474 etiam
1258 3427 1288 3475 de
1294 3427 1387 3488 punctis
1397 3427 1467 3474 inter·

187 3493 261 3540 oribar
275 3493 302 3538 in
314 3492 412 3540 orbitam
426 3495 531 3542 satellitis
541 3491 614 3539 relate
624 3492 655 3540 ad
665 3494 715 3555 ejus
726 3491 811 3553 prims·
843 3489 926 3536 mediis
936 3489 980 3536 erit
990 3491 1175 3552 intelligendum.
1210 3490 1281 3538 Unde
1291 3491 1395 3552 seqnitur
1404 3490 1468 3552 quod

188 3555 250 3602 rium
266 3555 352 3616 pendet
366 3571 395 3604 ea
412 3557 544 3605 dieentes
561 3555 658 3603 aetionis
671 3556 731 3604 Solis
740 3555 766 3601 in
776 3569 811 3602 sa·
844 3552 935 3599 satelles
946 3553 968 3600 L
979 3553 1004 3599 in
1015 3553 1089 3600 orbiti
1102 3553 1122 3600 P
1136 3555 1161 3609 Q
1172 3554 1226 3601 ΒΤ
1236 3553 1321 3601 resolvi
1333 3554 1417 3614 poterit
1426 3569 1466 3601 eo-

188 3619 285 3666 tellitam
296 3627 320 3666 et
335 3619 360 3666 in
371 3621 514 3680 primarium,
531 3621 575 3667 boe
585 3629 621 3666 est
630 3620 656 3668 ist
666 3618 811 3680 oppositione
844 3615 898 3663 dem
914 3626 1018 3677 tempore
1033 3617 1159 3678 iisdemque
1172 3617 1277 3678 proxime
1292 3618 1383 3681 legibus
1393 3633 1420 3664 ac
1430 3633 1466 3663 sa-

186 3681 273 3742 peodet
291 3697 322 3731 ex
340 3681 432 3730 residuo
444 3683 541 3731 actionis
558 3683 619 3730 Solis
633 3683 658 3730 in
674 3681 811 3744 primarium
844 3679 910 3727 telles
922 3679 944 3727 L
957 3681 982 3726 in
992 3678 1067 3727 orbiti
1081 3680 1125 3728 sud
1143 3682 1165 3727 A
1180 3681 1279 3739 CBD,
1296 3683 1316 3728 ai
1332 3683 1423 3744 gratim
1438 3682 1467 3727 eit

188 3744 284 3806 dempti
300 3746 391 3794 actiom
411 3747 472 3794 Solia
486 3747 512 3795 ia
527 3747 665 3805 satellitem
682 3746 742 3794 etin
753 3759 810 3792 ωιι-
843 3743 903 3792 Jove
913 3743 1006 3804 paribus
1015 3745 1040 3790 in
1048 3743 1161 3791 distantiis
1167 3745 1192 3789 in
1200 3745 1288 3791 ratione
1296 3743 1413 3803 duplicati
1420 3744 1466 3790 dis-

185 3809 464 3922 jsttgthesmssefiezefilnffing
477 3813 603 3922 pengetsgls
613 3810 704 3887 residuo
715 3808 811 3884 aetionis
843 3807 1001 3918 gbltiaesssolis
1015 3824 1031 3920 Ξ
1046 3817 1188 3928 centroosuat
1198 3807 1284 3918 tsiarbitas
1293 3807 1324 3855 ad
1334 3807 1466 3854 distamitun

463 3890 525 3922 em
596 3885 753 3922 tsactronetn
779 3887 810 3920 rt·
894 3887 905 3916 s
954 3887 962 3916 1
978 3886 1004 3918 so
1032 3887 1081 3918 ove.
1163 3887 1220 3918 e..

188 3937 301 3985 marium:
321 3937 376 3984 edm
386 3953 442 4000 ergo
453 3891 515 3985 acuti
526 3937 585 3986 Solis
595 3939 621 3984 in
630 3937 738 3986 satellites
751 3888 779 3984 Lp
787 3945 812 3984 et
878 3887 992 3982 Eamddin
1009 3935 1229 3984 demonstrationem
1239 3933 1348 3995 applicari
1359 3947 1425 3994 posse
1435 3932 1466 3980 ad

189 3997 206 4054 l,
222 4000 253 4046 sit
268 3999 347 4046 eadem
355 4020 363 4059 ;
380 4003 421 4049 nd
432 4003 493 4049 ectio
505 4001 565 4048 Solis
580 4001 604 4047 in
618 4001 753 4062 primarium
764 4000 773 4046 i
784 4000 811 4047 iit
844 4013 923 4046 casum
948 3999 988 4045 ubi
1009 3999 1099 4046 satelles
1126 4009 1294 4060 supponeretur
1314 3997 1386 4044 levior
1406 3997 1467 4044 Jove

190 4061 266 4109 minor
285 4063 356 4125 qtrrlm
375 4065 401 4111 in
420 4066 557 4127 primatium
578 4065 599 4122 Ι,
621 4066 646 4111 in
666 4064 811 4125 oppositione
843 4062 937 4121 peribus
947 4062 972 4108 in
982 4061 1102 4120 distantiis,
1113 4063 1225 4125 illumque
1234 4071 1290 4109 tunc
1297 4061 1467 4121 desmiptnrum

191 4125 268 4172 minus
278 4135 313 4173 est
325 4128 443 4176 residuum
458 4128 523 4191 quod
536 4128 689 4176 mutationem
703 4127 776 4188 parlet
786 4127 810 4174 in
843 4123 945 4185 ellipsim
960 4126 1028 4188 cujus
1043 4135 1148 4173 eentmm
1167 4127 1220 4174 Sole
1235 4125 1333 4172 vicinius
1343 4123 1387 4170 crit
1396 4122 1467 4185 quim

191 4186 264 4234 arbita
285 4191 388 4238 satellitis
405 4193 433 4248 1„
449 4191 521 4255 quim
535 4191 654 4239 miduum
675 4190 738 4254 quod
758 4205 811 4238 mu·
844 4189 944 4248 Jupiter,
962 4189 995 4236 its
1009 4198 1037 4236 ut
1052 4189 1083 4236 sit
1097 4189 1197 4251 gravitas
1213 4189 1316 4236 satellitis
1326 4188 1356 4234 sd
1366 4187 1468 4249 gravitas

191 4249 301 4298 “tionem
322 4255 425 4303 satellitis
446 4257 455 4303 l
477 4255 537 4316 parit
557 4257 583 4302 in
606 4252 687 4310 orbiti,
712 4263 737 4300 et
761 4268 811 4300 ms-
845 4261 892 4298 tem
908 4251 973 4301 Jovis
986 4253 1011 4299 in
1025 4250 1143 4313 duplicati
1158 4251 1371 4299 rationedistantite
1382 4250 1467 4300 Solisa

185 4314 229 4378 jus
244 4328 258 4361 e
273 4323 351 4363 oonbs
367 4327 401 4366 est
414 4319 534 4367 residuunt
551 4319 576 4365 in
595 4317 757 4381 conjunctione
775 4332 811 4363 re·
843 4325 921 4364 oentm
937 4317 1017 4363 orbitae
1031 4316 1061 4363 ad
1077 4315 1209 4364 dstmtarn
1226 4314 1286 4364 Solis
1300 4331 1315 4362 s
1328 4315 1394 4364 Jove.
1432 4315 1463 4370 Q.

189 4385 271 4438 spectu
286 4380 364 4426 oniae
378 4383 481 4438 satellitis
499 4383 521 4430 L
538 4381 610 4445 qutm
628 4391 733 4442 respectu
750 4381 811 4428 orbi-
843 4377 972 4427 altentare.
985 4379 1008 4426 d.

188 4449 221 4487 tta
240 4441 345 4489 satellitis
361 4443 385 4502 l;
406 4445 447 4493 sed
465 4445 506 4493 ills
524 4447 617 4493 rmidus
635 4455 684 4492 mm
699 4445 724 4490 in
740 4459 813 4504 oppo-
878 4441 934 4490 Htc
949 4444 1037 4491 renone
1051 4443 1106 4490 satis
1118 4451 1222 4491 masters
1232 4453 1344 4490 mertum
1356 4441 1466 4490 Newtoni

188 4503 273 4578 sitione
290 4503 363 4568 quim
378 4509 403 4554 in
421 4510 583 4571 coniunctione
600 4509 647 4555 vim
663 4509 813 4582 oenttipetarn
845 4505 969 4582 credimus,
987 4507 1050 4555 idem
1063 4517 1142 4555 tameo
1158 4507 1224 4582 'aliter
1238 4509 1295 4554 inito
1312 4509 1399 4556 calculo
1415 4521 1465 4551 ma-

188 4571 813 4696 ttttt‘sff'tttt‘tttttttittt‘tl
844 4569 1483 4696 tzittttdt'ttt‘ttmm

189 4695 252 4741 ande
267 4704 331 4757 patet
362 4695 410 4745 nod
424 4707 452 4745 at
465 4700 596 4748 restruatur
610 4699 738 4747 similitudo
752 4699 812 4744 inter
843 4696 871 4742 iis
886 4711 938 4758 quoe
958 4707 1036 4756 postea
1052 4697 1082 4744 de
1100 4697 1202 4747 motibus
1214 4698 1333 4748 lunaribus
1351 4697 1464 4750 dicentur.

189 4757 285 4807 orbitam
296 4713 403 4810 enites
413 4761 444 4820 L,
455 4769 480 4810 et
489 4763 585 4814 tabitam
595 4763 700 4812 satellitis
709 4761 719 4810 l
729 4775 812 4822 corpus
843 4761 887 4809 eris
896 4761 1038 4808 deducenda.
1122 4821 1126 4832 Ι
