3516 5870
446 533 639 604 FLUXUS
657 535 722 600 ΔΟ
738 533 966 604 *seruitus
989 535 1147 604 neme
1365 550 1428 608 253

152 706 231 774 sint
244 691 355 772 benus
372 709 537 785 ostensuri,
559 708 601 771 sb
622 706 673 772 bis
690 707 813 772 duabus
830 708 947 772 viribus
964 731 1029 774 nen
1051 709 1152 776 soldnr
1172 711 1208 776 in
1226 726 1343 778 oceano
1360 735 1433 780 mo-

151 828 219 880 tum
239 816 435 900 reciprocum
455 815 598 902 generari
617 813 742 892 dobere,
764 815 820 880 sed
834 818 927 880 etiem
942 841 1014 882 eum
1028 819 1140 904 ipsum,
1161 823 1215 908 qui
1229 821 1323 888 aestits
1336 824 1431 888 meri·
1472 864 1474 870 ‚

148 924 182 988 ni
203 925 332 990 nomine
352 925 496 1014 insigniri
517 924 614 988 solet:
637 941 731 1010 atque
751 923 835 988 hanc
855 925 983 990 obrem
1008 926 1139 992 firmiter
1155 931 1222 1014 jem
1241 929 1429 996 affirmemus

149 1055 255 1100 vorem
276 1033 381 1100 fluxis
400 1057 439 1100 ec
458 1033 595 1099 refluxiu
617 1055 741 1098 seusam
763 1035 797 1098 in
820 1035 902 1102 &tis
922 1035 986 1100 illis
1002 1035 1124 1102 duabus
1144 1041 1274 1118 viribus,
1295 1063 1427 1127 querum

149 1142 248 1208 nitere
261 1143 309 1207 'ed
331 1142 437 1207 Solem
451 1153 499 1206 eet
519 1141 646 1218 disere
670 1141 767 1206 altere
781 1141 822 1206 sd
836 1143 972 1222 Lunam,
989 1151 1055 1208 esse
1068 1145 1222 1230 positam
1242 1146 1365 1233 hocque
1386 1151 1427 1213 si·

149 1248 216 1312 mul
235 1247 374 1312 omnium
395 1267 505 1312 eorum
526 1248 692 1310 attentius
711 1245 850 1312 fimditds
872 1250 1047 1328 evertimus,
1070 1252 1123 1337 qui
1144 1252 1195 1318 vel
1214 1253 1283 1318 eliis
1298 1255 1428 1320 ermriub

147 1355 263 1420 viribus
283 1355 369 1420 idem
389 1355 621 1440 phoenomenon
642 1353 828 1434 adscribere,
850 1355 900 1420 'vel
914 1377 986 1422 cnm
1006 1356 1055 1422 his
1077 1357 1153 1444 ipsis
1167 1359 1245 1424 elius
1256 1361 1338 1430 vires
1352 1383 1427 1430 eon-

142 1465 277 1553 jungere
291 1477 455 1530 conentur.

1 1630 2 1640 r
188 1581 212 1658 s.
233 1585 284 1640 ιι.
311 1575 455 1652 emaus
479 1571 575 1662 igtur
598 1573 639 1638 se
663 1571 756 1638 caus
780 1571 885 1638 umes
909 1553 1105 1638 ersus
1129 1575 1233 1654 mass,
1258 1578 1364 1662 prore
1389 1603 1427 1644 ω

1 1678 2 1758 l
146 1683 187 1750 ob
208 1681 414 1747 illustrissimi
435 1679 606 1746 Aeedemii
623 1679 724 1766 Regis
738 1691 787 1744 est
805 1681 975 1764 proposita,
997 1681 1037 1744 ed
1051 1680 1133 1746 banc
1147 1681 1312 1748 deducitur
1325 1705 1426 1770 qnoes-

1 1765 2 1780 '
145 1791 275 1866 etonem,
297 1801 333 1854 ut
353 1789 498 1852 usurus
518 1787 642 1852 ursum
662 1787 785 1864 visum,
807 1785 922 1873 quibus
941 1785 1073 1874 eugris
1094 1787 1205 1851 Terre
1225 1801 1330 1873 pares
1352 1788 1426 1856 sem

146 1896 187 1960 sd
210 1896 315 1962 Solem
334 1893 403 1960 tdrn
423 1893 464 1959 sd
489 1893 614 1958 Lunum
634 1889 785 1977 perpetnb
806 1903 967 1979 urgentur,
990 1891 1084 1978 idque
1097 1893 1132 1956 in
1145 1892 1361 1960 distantiarum
1374 1917 1436 1960 re·¹

145 2005 231 2069 tione
245 2003 401 2090 reciproci
417 2001 584 2088 duplicati,
599 2023 691 2066 esme
705 2001 878 2088 assignetur
892 1999 1030 2085 physice.
1069 1999 1121 2065 Ex
1135 2022 1200 2086 quo
1212 2003 1426 2070 metationem

146 2125 285 2180 nostrum
299 2114 477 2200 bipertitum
491 2133 558 2178 esse
572 2110 736 2196 oportebit.
782 2107 891 2174 Primb
905 2109 1022 2174 scilicet
1035 2130 1076 2174 ex
1092 2105 1253 2193 principiis
1267 2108 1426 2176 mechani-

146 2223 191 2287 cis
205 2222 407 2287 diluciddcrit
421 2219 660 2298 ostendendum,
677 2219 791 2283 ebirris
804 2217 864 2282 illis
879 2216 996 2282 viribus
1012 2218 1118 2283 Solem
1129 2217 1316 2304 Lunamque
1328 2221 1426 2304 respi-

147 2331 297 2397 cientibus
323 2329 395 2395 cirm
420 2332 540 2394 fluxum
566 2349 604 2392 eo
628 2327 781 2392 reiirmnm
803 2324 899 2389 meris
919 2323 1093 2411 generetim
1113 2321 1191 2386 oriri
1214 2321 1338 2402 debere,
1358 2321 1427 2388 tdm

147 2438 240 2502 etiem
261 2437 322 2503 hoc
341 2437 436 2502 modo
451 2435 574 2524 singule
593 2433 801 2519 phoenomene
814 2431 959 2495 distincte
974 2423 1121 2515 explicari
1135 2451 1247 2514 posset
1269 2430 1329 2494 hec
1343 2433 1427 2496 enirn

146 2559 236 2631 perte
250 2544 390 2610 absoluti
404 2543 525 2608 nullum
540 2540 693 2628 supererit
711 2539 852 2617 dubium,
874 2538 950 2623 quin
964 2539 1056 2624 origo
1068 2535 1163 2600 restire
1177 2535 1273 2600 moris
1287 2535 1336 2600 his
1351 2537 1426 2620 ipsis

145 2651 273 2732 viribus,
296 2675 374 2740 ques
393 2664 464 2720 ectu
481 2653 548 2738 jem
570 2649 603 2714 iu
622 2649 740 2714 mrmdo
754 2648 889 2713 existere
902 2646 1076 2723 docuimus,
1097 2645 1256 2710 debens.
1300 2645 1428 2712 Deinde

145 2757 220 2824 verb
239 2758 351 2822 herum
372 2758 484 2822 virium
500 2779 593 2821 censs
606 2755 736 2842 physice
749 2752 880 2818 indicari
895 2752 998 2830 debet,
1022 2751 1093 2817 edm
1116 2751 1150 2816 id
1165 2751 1205 2815 sit
1220 2750 1425 2836 precipuum,

148 2867 234 2955 quod
254 2867 370 2954 inclyte
384 2866 555 2933 Academia
569 2865 707 2952 requirit
751 2862 850 2941 Quod
864 2863 990 2950 quidem
1003 2863 1044 2928 sd
1063 2861 1148 2926 illem
1169 2873 1291 2947 partem
1305 2863 1425 2956 sttinet,

144 2975 178 3038 in
200 2975 266 3059 ejus
287 2974 493 3058 explicatione
512 2972 640 3037 minime
660 2972 859 3048 bresitumm3
881 2982 913 3034 et
927 2971 1105 3036 olerissbnis
1118 2971 1357 3058 certissimisque
1371 2969 1427 3034 de·

145 3079 421 3144 monstrationibus
436 3079 577 3142 evincere
590 3079 785 3161 pollicemur,
805 3099 863 3160 per
884 3078 958 3144 istas
973 3079 1054 3142 vires
1068 3079 1173 3142 omnis
1187 3078 1321 3143 omninb‘
1330 3077 1426 3143 sestius

146 3189 241 3252 meris
254 3185 460 3271 phoenomens
477 3183 703 3248 absolutissime
724 3183 874 3266 explicari
894 3205 1007 3266 possse
1027 3179 1087 3268 qui
1110 3185 1143 3246 in
1157 3205 1193 3248 re
1205 3185 1285 3248 nulli
1304 3185 1427 3249 dubite-

146 3289 223 3360 tioni
248 3295 331 3358 ullus
356 3293 539 3380 relinquitur
565 3291 662 3368 locus,
691 3287 763 3353 etim
790 3300 855 3352 cors
875 3288 916 3352 ed
940 3289 1142 3377 geometriam
1159 3302 1192 3354 et
1214 3289 1424 3356 mechanicam

145 3403 357 3468 sublimiorem
381 3401 543 3486 patinaet,
568 3399 749 3484 calculoque
772 3397 926 3482 snulytioo
951 3397 992 3462 sit
1016 3398 1164 3482 subjecte.
1217 3398 1330 3463 Altera
1351 3398 1426 3464 verb

144 3531 226 3598 pers,
243 3513 276 3576 iu
291 3512 450 3577 scientiam
463 3510 637 3575 neturelem
650 3509 802 3594 imprimis
815 3509 986 3587 incurrens,
1002 3511 1112 3595 mejeri
1122 3509 1295 3575 difficultati
1305 3509 1428 3574 videtur

145 3617 290 3696 obnoxie,
307 3640 366 3683 neo
380 3627 474 3682 tentes
488 3615 651 3682 evidentis
666 3637 765 3701 cepex
773 3638 782 3692 ς
804 3613 912 3680 verbm
927 3613 1000 3680 crim
1013 3615 1073 3680 ists
1086 3635 1135 3680 res
1149 3616 1313 3681 oocssiom
1326 3615 1425 3701 pluri·

145 3751 199 3792 nur
213 3729 420 3816 qnoestionum
434 3727 475 3794 eb
487 3725 655 3791 Acedemisi
666 3724 868 3791 celeberrime
877 3725 1009 3790 entelrsu
1020 3726 1251 3811 propositarum
1260 3728 1327 3812 jem
1339 3736 1425 3792 tento

147 3835 250 3899 studio
264 3833 304 3900 sit
318 3835 502 3922 investigets
515 3845 608 3920 utque
623 3832 773 3910 obsolute,
790 3855 860 3898 esur
872 3853 936 3898 non
951 3832 1065 3897 minori
1079 3831 1264 3900 certitudine
1277 3832 1425 3918 expedire

146 3945 339 4011 confidimus.

189 4058 213 4134 ᾗ.
241 4059 291 4116 12.
328 4050 476 4138 Explosis
502 4052 564 4117 hoc
594 4051 704 4116 saltem
734 4063 875 4136 tempore
904 4051 1103 4138 qualitatibus
1130 4051 1425 4138 oecultismissriqne

133 4158 312 4247 Anglorum
338 4160 543 4244 quorumdem
568 4158 714 4225 renovuti
738 4161 930 4239 etmuotione,
961 4183 1032 4247 quse
1056 4183 1128 4226 mnu
1151 4163 1265 4228 certiori
1288 4162 1424 4248 pbiloso-

145 4265 265 4352 pbsndi
286 4264 382 4330 modo
402 4264 578 4332 nullstentis
600 4266 769 4331 consistere
789 4277 901 4350 potest,
924 4267 1064 4330 omnium
1084 4266 1196 4330 virium
1212 4287 1284 4353 quse
1298 4265 1424 4353 quidem

144 4376 180 4440 in
201 4363 323 4437 murido
342 4373 554 4453 observentur,
578 4375 695 4460 duplex
710 4374 891 4440 stobiendus
906 4386 953 4440 em
966 4375 1035 4440 sons
1050 4388 1143 4463 etque
1157 4375 1256 4464 origo.
1301 4375 1424 4460 Nempe
1481 4409 1488 4428 ι

146 4480 219 4548 eus
241 4479 360 4544 viribus
382 4481 536 4546 tribuetur
555 4484 605 4548 rel
630 4481 734 4548 metris
755 4483 916 4571 generatio
939 4485 990 4549 vel
1012 4485 1197 4563 immutatio,
1219 4485 1278 4550 iste
1297 4484 1424 4550 οίῖεσιιιε

147 4609 272 4675 semper
286 4588 336 4655 vel
358 4587 399 4652 ab
413 4587 553 4654 allisione
567 4611 744 4677 corporum,
766 4591 817 4656 vel
834 4613 853 4654 e
873 4591 903 4654 vi
922 4591 1093 4680 oeutrisugi
1111 4593 1328 4679 proficiscitur,
1350 4613 1426 4680 qne·

145 4719 216 4762 rum
230 4699 388 4764 actionum
404 4709 535 4785 utreque
549 4697 697 4780 ieculmi,
721 4697 782 4787 qni
798 4701 908 4784 omnis,
918 4721 1050 4786 corpore
1067 4715 1140 4767 sunt
1155 4701 1288 4786 proedits
1308 4701 1341 4765 in
1363 4713 1425 4766 sts·

144 4817 182 4872 tu
195 4809 339 4880 suosivc
359 4809 471 4896 quietis
493 4807 557 4874 sive
571 4810 673 4876 motis
688 4811 848 4897 requebilis
863 4811 896 4875 in
910 4811 1062 4878 directum
1080 4813 1309 4897 perseverandi,
1332 4813 1427 4878 debo-

184 4910 244 4961 Vot.
259 4913 312 4962 111.
761 4915 785 4964 Τ
