3520 5884
534 551 600 616 AD
622 545 844 615 TERTIUM
868 543 1074 611 LIBRUM..
1396 545 1452 610 xix

175 689 350 818 mua
374 723 603 810 longimanum
630 721 790 784 suanum
818 718 853 783 n
879 729 912 780 et
942 717 982 790 ες
1016 714 1067 777 aa
1091 725 1196 778 auam
1226 715 1455 780 observatores

175 832 393 897 distantiarum
422 841 577 894 astrorum
606 829 687 892 inter
715 849 749 892 ae
776 837 906 911 propter
932 835 1089 887 asnorum
1117 821 1298 886 continuam
1325 843 1455 886 conver·

176 942 297 1006 sionem
310 961 373 1002 non
388 935 477 1002 neila
492 937 533 1002 ad
548 955 701 1002 summam
716 933 882 998 acribeiam
896 931 1121 1016 perducuntur.
1436 943 1442 952 ·

221 1055 272 1111 21.
297 1046 344 1113 Sit
365 1057 394 1106 n
414 1065 431 1107 z
452 1065 480 1106 ae
500 1069 521 1104 a
542 1065 563 1129 q
583 1043 701 1106 telluris
723 1040 835 1128 globus
856 1059 913 1123 per
935 1039 1022 1121 cujus
1045 1047 1186 1100 centrum
1209 1033 1240 1098 T
1264 1032 1374 1098 transit
1388 1035 1456 1100 axia

175 1152 285 1218 mundi
308 1153 336 1216 P
356 1174 389 1236 p.
434 1150 513 1214 Loci
535 1173 552 1213 z
574 1150 615 1214 sit
635 1148 766 1212 horizon
788 1145 940 1210 sensibilis
955 1143 978 1207 h
993 1165 1020 1220 r,
1037 1141 1168 1206 horizon
1188 1141 1345 1204 rationalis
1361 1141 1398 1206 H
1414 1143 1455 1220 R,

175 1273 206 1326 et
225 1257 416 1324 meridianus
440 1256 468 1324 P
491 1249 519 1322 Ζ
541 1256 578 1322 Η
599 1255 642 1321 Ν.
689 1253 753 1320 His
773 1251 818 1318 ita
838 1252 1023 1330 constitutis,
1039 1251 1106 1316 axis
1120 1249 1240 1316 telluris
1255 1249 1370 1316 dicitur
1383 1271 1456 1334 pura
1603 1311 1605 1318 .

172 3497 200 3550 Π
213 3509 242 3564 a,
265 3485 332 3554 axia
354 3485 464 3554 mundi
480 3486 544 3574 Pp
557 3485 677 3552 telluris
693 3485 861 3572 superficie
875 3487 1042 3551 terminata
1055 3488 1089 3551 in
1102 3487 1227 3572 punctis
1245 3501 1272 3550 Π
1286 3498 1318 3551 et
1331 3513 1362 3565 a,
1385 3509 1457 3574 quae

169 3593 235 3678 poli
255 3608 348 3660 terrae
368 3607 528 3660 vocauttn.
575 3595 671 3661 Polus
695 3609 723 3658 ΙΙ
744 3595 820 3680 polo
835 3595 953 3660 coelesti
969 3596 996 3661 P
1011 3596 1101 3660 nobis
1116 3598 1286 3684 conspicuo
1302 3595 1457 3682 subjacus

170 3701 302 3769 borealis
323 3704 374 3770 vel
396 3705 539 3783 arcticus,
562 3705 640 3769 alter
654 3729 675 3764 a
688 3704 832 3768 australia
846 3703 896 3768 vel
911 3705 1098 3770 mutareticus
1119 3706 1304 3791 appellatur.
1350 3705 1455 3770 Iutar·

171 3811 266 3874 sectio
280 3811 366 3897 plani
380 3813 547 3900 aequatoria
558 3811 689 3877 coelestis
700 3813 788 3897 eujus
801 3824 848 3878 est
859 3812 1011 3878 diameter
1021 3812 1067 3878 AE
1079 3811 1122 3892 Q,
1136 3835 1208 3879 cum
1219 3813 1337 3878 altoris
1349 3835 1457 3898 super·

171 3916 251 3994 ficia,
268 3919 332 3984 siva
347 3917 480 3986 circulus
495 3920 650 3984 maximus
665 3942 693 3984 ae
708 3942 722 3984 s
737 3942 759 4006 q
773 3941 806 3997 x,
824 3921 911 4005 cujus
925 3919 993 4005 poli
1008 3931 1081 3984 sunt
1096 3933 1124 3982 Π
1138 3931 1171 3984 et
1185 3946 1214 3997 π,
1227 3918 1342 3982 dicitur
1352 3939 1457 4004 aequa·

170 4037 221 4090 tor
235 4029 388 4096 terranis
410 4041 465 4096 aut
486 4030 580 4094 etiam
595 4027 728 4094 circulus
749 4029 973 4114 aequinoctialis
987 4027 1037 4092 vel
1052 4031 1110 4090 κατ’
1126 4029 1218 4112 ἐξοχὴν
1232 4027 1324 4092 linea.
1369 4025 1457 4090 Lati-

173 4133 250 4199 tudo
270 4137 331 4202 looi
353 4138 486 4224 cujusvis
508 4161 525 4202 z
546 4139 580 4202 in
602 4137 766 4223 superficie
787 4149 880 4202 tarra
901 4150 948 4203 est
970 4137 1117 4202 distantia
1137 4140 1203 4223 ejus
1226 4137 1266 4201 ab
1288 4145 1456 4221 aequatore,

172 4239 238 4304 siva
253 4255 298 4308 eat
310 4247 475 4310 meridiani
490 4247 644 4312 terrestria
659 4269 749 4310 arcus
764 4269 781 4309 z
796 4269 825 4310 ae
839 4247 920 4311 inter
934 4246 1039 4312 locum
1053 4270 1072 4312 z
1086 4258 1117 4313 et
1131 4259 1324 4333 aequatnrom
1335 4267 1364 4308 ae
1377 4267 1392 4308 a
1403 4263 1458 4330 qx

171 4346 369 4433 interceptus.
416 4351 512 4418 Undd
533 4363 620 4438 patet
640 4351 836 4416 latitudinem
855 4353 919 4418 loci
940 4376 957 4416 z
979 4353 1013 4418 in
1035 4353 1201 4438 superficie
1214 4364 1311 4415 terroe
1324 4371 1458 4415 numero

172 4454 330 4542 graduum
351 4459 502 4544 aqualem
524 4481 593 4524 essa
614 4458 813 4524 declinationi
835 4459 952 4524 uoelesti
973 4459 1096 4524 verticis
1113 4457 1293 4544 Zejusdem
1307 4456 1379 4536 loci,
1402 4478 1457 4522 seu

172 4561 338 4626 elevationi
359 4562 425 4648 poli
450 4565 478 4629 P
502 4566 541 4629 R.
586 4565 670 4630 Nam
692 4587 783 4629 arcus
808 4564 835 4629 P
862 4565 892 4628 R
914 4575 945 4628 et
967 4565 993 4628 Z
1017 4565 1070 4642 AE,
1096 4575 1169 4628 sunt
1190 4563 1326 4650 oequales
1342 4563 1410 4646 (10)
1427 4573 1459 4627 et

172 4693 263 4736 arcus
279 4671 306 4736 Z
321 4671 367 4736 AE
382 4693 419 4736 ao
432 4695 449 4736 z
464 4694 491 4737 oe
505 4673 640 4750 similes3
663 4695 720 4758 per
733 4673 838 4737 locum
853 4671 886 4736 iu
900 4673 1065 4757 superficie
1078 4683 1173 4735 terroe
1186 4693 1245 4756 pro
1260 4670 1390 4736 arbitrio
1404 4668 1459 4734 do·

174 4781 373 4846 terminatum
395 4780 528 4848 ducatur
548 4782 737 4847 meridianus
761 4795 788 4844 11
811 4804 827 4844 r
849 4807 870 4842 a
891 4793 1081 4866 oequatorem
1102 4803 1131 4844 ae
1154 4802 1240 4866 aqx
1256 4801 1364 4844 secans
1378 4778 1457 4853 inr3

791 4887 807 4934 b
823 4891 838 4933 a
1507 4890 1509 4896 ’
