3564 5864
537 573 600 640 ET
622 571 877 640 REFLUXUS
899 573 1058 641 MARIS.
1374 583 1431 640 241
1465 646 1466 655 χ

440 833 722 902 PROPOSITIO
744 833 1157 903 vnn-PROBLEMA.

187 1033 330 1098 Invenire
342 1033 539 1098 variationem
552 1031 689 1097 asseratis
705 1051 794 1116 aqua
808 1033 841 1094 in
856 1031 953 1112 Prop.
973 1031 1004 1093 V
1015 1031 1143 1114 definiti,
1168 1052 1234 1114 quae
1247 1054 1285 1096 ea
1294 1031 1402 1116 figura

556 1142 663 1206 Tmoe
676 1135 876 1224 sptaeroidicd
885 1139 1038 1222 prouenit.

196 1333 266 1398 Sint
290 1333 317 1398 P
339 1333 370 1397 A
391 1356 456 1418 pa,
483 1332 511 1396 P
534 1332 563 1397 B
585 1353 607 1418 p
627 1333 651 1396 b
672 1331 825 1397 sectiones
848 1331 958 1396 Terrae
979 1353 1037 1418 per
1058 1333 1148 1418 polos
1170 1331 1244 1398 Pet
1257 1355 1289 1418 p,
1307 1354 1439 1420 quarum

150 1440 238 1526 prior
263 1453 400 1504 transeat
421 1459 478 1524 per
498 1438 568 1502 loca
591 1439 622 1502 A
644 1449 676 1502 et
696 1461 724 1515 a,
748 1439 801 1502 ubi
824 1439 1068 1526 altitudoaquae
1090 1440 1123 1503 in
1144 1452 1302 1526 aequatore
1320 1439 1437 1504 viribus

152 1547 233 1612 Solis
248 1560 280 1612 et
295 1547 395 1610 Lunae
410 1545 447 1608 fit
461 1544 606 1622 maxima,
624 1545 779 1628 posterior
793 1567 850 1630 per
864 1545 934 1609 loca
955 1545 985 1610 B
1000 1558 1031 1609 et
1046 1547 1067 1610 b

150 1652 204 1716 ubi
226 1651 262 1715 fit
277 1651 421 1726 minims3
445 1649 507 1712 sint
520 1648 572 1712 hae
586 1649 737 1713 sectiones
751 1649 906 1736 ellipticae,
930 1651 957 1716 F
976 1650 1063 1716 iocus

1230 1639 1263 1683 Α

150 1759 262 1846 figurae
286 1757 313 1822 P
336 1759 365 1822 A
388 1782 454 1844 pa,
478 1758 496 1821 f
515 1757 602 1822 iocus
624 1759 767 1822 sectionis
794 1758 867 1822 PB
888 1779 910 1844 p
930 1759 962 1835 b,
990 1770 1021 1821 et
1041 1781 1063 1845 g
1141 1711 1389 2107 ‘ARN

150 1869 238 1932 focus
253 1869 395 1933 sectionis
411 1868 555 1933 ABab.
587 1867 630 1936 Et
644 1869 670 1931 si
685 1889 791 1931 omnes
806 1867 957 1931 sectiones
973 1866 1064 1930 solidi
1264 1942 1318 2086 h

149 2000 207 2062 per
229 1991 344 2041 rectam
366 1978 396 2041 A
420 2001 439 2041 a
461 1989 655 2042 transeuntes
681 1989 896 2062 supponantur
920 1975 1063 2062 ellipticae
1146 1945 1269 2114 Δὶ

149 2083 270 2147 calculo
289 2084 365 2147 inito
387 2105 448 2169 ope
472 2083 642 2148 Lemmatis
669 2083 709 2146 V.
734 2084 908 2146 invenimus
927 2084 1062 2170 gravita-
1106 2099 1135 2146 Ρ
1150 2110 1231 2231 1

149 2203 211 2253 tem
234 2192 266 2252 in
288 2191 358 2254 loco
383 2191 412 2254 A
434 2188 541 2253 versds
563 2189 697 2254 solidum
711 2188 772 2252 hoc
786 2189 853 2252 sore
867 2188 907 2251 ad
928 2187 1062 2276 gravita-

151 2309 213 2358 tem
235 2297 268 2358 in
291 2295 400 2358 eodem
421 2294 492 2358 loco
511 2293 620 2358 versds
634 2294 788 2379 sphoeram
803 2309 911 2358 centro
928 2295 955 2358 C
971 2315 1064 2378 super
1144 2098 1292 2470 x}

1272 2076 1390 2467 o

834 2513 873 2569 10
891 2506 918 2569 C
936 2507 965 2570 A
979 2493 991 2541 ἲ

837 2613 849 2650 4
1143 2613 1156 2651 e

154 2666 186 2732 ÷
210 2616 333 2682 9CF⁴
351 2627 383 2692 'l'
400 2613 669 2782 θῖξέἱςῗ
686 2626 717 2692 4
735 2617 827 2704 9Cg
850 2617 1231 2781 ,dicad-C-ffiff
1249 2653 1438 2740 etsigravi-

147 2836 195 2889 tas
217 2826 251 2888 iu
271 2824 342 2888 loco
365 2823 404 2901 B,
430 2822 597 2886 definiatur
619 2823 711 2886 simili
732 2823 862 2904 calculo,
879 2849 940 2911 ope
955 2825 1094 2911 ejusdem
1110 2823 1280 2888 Lemmatis
1295 2835 1326 2888 et
1341 2823 1438 2888 schol.

149 2935 245 3020 Prop.
257 2933 302 2997 11.
318 2931 472 2996 constabit
487 2932 566 2996 ratio
580 2933 739 3018 gravitatis
753 2935 786 2996 in
799 2935 830 2998 A
841 2935 882 2998 ad
896 2934 1079 3022 gravitatem
1093 2931 1126 2995 in
1142 2932 1182 3008 B,
1199 2943 1231 2995 et
1243 2953 1301 3016 per
1317 2930 1391 2996 Cor.
1405 2939 1436 2996 2.

146 3033 246 3127 'Prop.
263 3043 290 3105 1.
305 3043 478 3104 innotescet
492 3040 806 3108 semi-diametrorum
823 3045 851 3108 C
864 3045 895 3108 A
907 3058 938 3108 et
951 3045 978 3109 C
990 3044 1019 3108 B
1031 3043 1206 3107 differentia
1218 3044 1281 3106 sive
1292 3066 1438 3108 ascensus

149 3170 248 3232 aquae.
293 3143 412 3210 Verdm
429 3145 582 3209 calculum
597 3146 705 3230 utpotd
720 3150 877 3232 prolixum
892 3153 1074 3227 omittimus,
1090 3149 1162 3214 ciun
1178 3151 1218 3214 sit
1232 3151 1337 3238 exigui
1352 3153 1436 3218 usi1s.

150 3256 226 3320 Hac
249 3255 467 3340 Propositione
489 3253 653 3318 ostendere
667 3253 789 3322 tannim
805 3259 888 3322 volui
910 3261 1114 3346 geometriam
1129 3261 1219 3324 nobis
1234 3283 1298 3324 non
1313 3262 1438 3326 defutu-

148 3389 217 3431 ram
237 3367 271 3430 in
294 3364 492 3429 Problemate
513 3362 716 3428 celeberrimo
737 3367 966 3430 accuratissimi
986 3369 1158 3432 tractando.
1202 3366 1322 3432 Verinn
1342 3383 1437 3434 restat

148 3473 328 3558 proecipuus
342 3472 376 3534 in
389 3469 449 3533 hac
463 3467 677 3556 disquisitione
691 3471 803 3550 nodus,
820 3471 860 3536 de
875 3495 938 3560 quo
953 3495 1053 3558 pauca
1068 3487 1140 3538 sunt
1153 3473 1305 3538 addenda.

149 2441 337 2508 diametrum
352 2445 412 2508 Aa
425 2441 613 2528 descriptam
628 2456 662 2508 ut
677 2452 690 2508 l
710 2454 742 2520 -Ι-

407 3634 410 3668 ⁴
448 3706 735 3774 PROPOSITIO
758 3709 1137 3776 IX.-PROBLEMA.

447 3905 590 3971 inuenire
603 3909 662 3970 aim
676 3905 776 3971 bmae
792 3909 836 3971 ad
851 3931 934 3972 mare
952 3909 1132 3971 movendam.

195 4097 278 4162 Hoec
300 4119 340 4160 ex
360 4099 496 4164 motibus
511 4099 689 4164 coelestibus
704 4099 809 4188 colligi
829 4101 947 4187 nequit,
964 4097 1079 4164 sivero
1095 4087 1434 4163 confereturasoensus

150 4227 240 4292 aquae
263 4203 297 4266 in
320 4207 450 4292 syzygiis
476 4208 686 4283 luminarium,
713 4209 767 4292 qui
796 4229 838 4272 ex
866 4206 986 4272 summi
1016 4207 1129 4270 virium
1160 4205 1242 4272 Solis
1272 4216 1304 4270 et
1332 4203 1435 4269 Luuae

147 4322 331 4399 generatur,
354 4331 425 4373 cum
446 4313 585 4396 ejusdem
607 4335 737 4378 ascensu
761 4314 793 4376 in
815 4315 1022 4400 quadraturis,
1038 4315 1091 4400 qui
1107 4335 1145 4377 ex
1161 4313 1331 4377 earundem
1346 4312 1435 4376 diffe-

148 4420 250 4484 nentia
265 4419 373 4495 oritur,
390 4441 429 4482 ex
444 4422 475 4482 vi
491 4421 570 4486 Solis
585 4445 642 4507 per
659 4421 755 4506 Prop.
772 4422 812 4486 V.
828 4421 911 4500 dati,
931 4423 1105 4486 invenietur
1120 4423 1166 4484 vis
1181 4421 1294 4484 Lunae.
1338 4421 1436 4485 Hanc

149 4529 262 4616 quierit
284 4527 456 4592 Newtonus
477 4551 517 4592 ex
537 4531 803 4595 observationibus
818 4553 837 4594 a
853 4533 937 4596 Sam.
955 4531 1094 4596 Sturmio
1109 4541 1180 4594 ante
1195 4530 1311 4592 ostium
1334 4528 1437 4592 Fluvii

151 4638 272 4702 Avonoe
294 4637 452 4714 institutis,
476 4658 516 4700 ex
538 4640 649 4724 quibus
664 4641 783 4728 colligit
797 4663 959 4704 ascensum
973 4662 1063 4726 aquoe
1081 4641 1114 4702 in
1129 4639 1261 4726 syzygiis
1277 4639 1436 4724 aequinoo-

149 4748 273 4812 tislibus
294 4769 362 4812 esse
384 4747 426 4811 ad
446 4769 607 4812 mcensum
622 4773 711 4835 aquae
732 4751 764 4813 in
781 4751 977 4837 quadraturis
991 4750 1112 4826 iisdem,
1134 4760 1169 4812 ut
1184 4759 1203 4814 9
1220 4748 1260 4812 ad
1275 4758 1305 4813 5.
1349 4747 1436 4811 Dein

149 4870 221 4941 post
234 4859 335 4924 varios
350 4857 488 4924 calculos
504 4859 663 4922 concludit
677 4859 740 4924 vim
753 4859 931 4924 Lunoeesse
942 4858 982 4922 ad
993 4859 1056 4922 viru
1072 4857 1164 4936 Solis,
1180 4864 1340 4921 atraere
1352 4856 1393 4919 ad
1407 4863 1435 4930 l,

768 4963 785 5012 Β
801 4970 816 5012 8
