3516 5870
396 525 586 592 FLUXUS
609 525 669 592 AC
695 525 949 596 REFLUXUS
972 527 1130 596 MARIS.
1340 535 1404 593 339

122 695 207 760 sinus
226 694 408 764 elevationis
429 699 495 784 poli
516 725 547 758 =
567 698 604 776 P,
628 699 713 762 sinus
733 698 949 766 declinationis
971 703 1105 768 borealis
1127 699 1237 788 puncti
1258 699 1288 764 L
1308 725 1339 760 =
1361 699 1404 777 Q,

118 823 191 866 nem
207 802 233 864 si
248 800 414 869 declinatio
429 805 469 867 sit
483 803 636 881 australis,
661 805 747 868 sinus
764 805 797 881 Q
812 807 891 868 sumi
908 807 1002 872 debet
1018 808 1170 894 negative,
1194 806 1317 870 cosinus
1331 805 1406 868 vend

119 909 345 996 respondentes
366 912 428 974 sint
447 933 470 996 p
486 923 516 974 et
531 934 561 998 q,
584 912 757 996 reperietur
772 913 857 978 sinus
872 913 1043 979 altitudinis
1060 917 1089 980 L
1104 938 1199 1000 supra
1213 914 1406 978 horizontem

121 1032 341 1108 =v=tpq
361 1031 392 1096 ÷
413 1021 441 1084 P
459 1019 510 1095 Q:
533 1023 703 1116 punctique
725 1021 737 1084 l
759 1021 843 1086 sinus
864 1023 1032 1088 altitudinis
1052 1046 1072 1085 v
1092 1033 1124 1100 -Ι-
1144 1024 1400 1107 dv=tpq÷

123 1125 201 1200 PQ
221 1136 253 1203 ÷
273 1123 448 1211 qudl.
504 1125 662 1202 Quocirca
683 1127 709 1190 si
730 1125 823 1191 Luna

121 1245 256 1318 ponetur
276 1233 310 1295 in
329 1231 370 1310 L,
393 1229 466 1297 cuim
482 1235 548 1320 ejus
562 1235 608 1298 vis
623 1233 664 1298 ed
677 1256 763 1297 mare
779 1247 825 1298 nt·

121 1380 386 1446 tollendumsit=
573 1429 620 1440 .-
642 1379 823 1470 ,erithujus

121 1550 167 1616 vis
188 1551 426 1616 imcrementum
443 1553 640 1637 tempusculo
655 1554 676 1618 d
692 1563 823 1619 tortum
1055 1604 1061 1639 ,

122 1874 168 1938 At
182 1872 209 1936 si
226 1872 281 1938 Sol
294 1885 431 1957 ponetur
445 1873 478 1936 in
490 1873 529 1951 L,
543 1874 608 1960 ejus
623 1873 669 1936 vis
684 1871 724 1937 sd
738 1894 824 1938 mere

122 1977 306 2046 elevandum
320 1981 515 2068 temppsculo
535 1977 559 2044 d
574 1989 587 2043 t
601 1983 702 2065 capiet
723 1980 824 2046 incre-

121 2091 544 2194 mentum=3sltpq4
566 2086 726 2174 PQlTp
769 2087 824 2191 dt·

542 2210 561 2250 a

125 2295 276 2374 Quamvis
289 2309 394 2362 sutem
407 2317 467 2382 pro
484 2296 557 2361 Sole
571 2308 604 2360 et
619 2296 709 2362 Lunai
725 2298 828 2363 eidem
848 2295 1000 2386 nngulod
1015 2304 1028 2359 t
1041 2315 1106 2359 non
1121 2293 1253 2380 nequalia
1267 2305 1407 2378 tempore
1474 2333 1478 2341 =

123 2404 341 2488 respondeant
364 2415 468 2468 temen
490 2403 563 2492 quie
584 2425 621 2468 ea
643 2405 785 2490 proximd
808 2405 849 2470 ed
870 2406 1022 2470 rationem
1043 2402 1227 2490 aequnlitstis
1243 2399 1405 2477 accedunt,

123 2525 196 2574 sunt
222 2511 304 2574 enim
330 2523 365 2574 ut
390 2518 431 2574 34
458 2509 499 2573 ad
525 2515 587 2596 24}
613 2533 668 2574 seu
694 2524 729 2576 ut
755 2521 796 2577 33
822 2513 863 2577 sd
889 2523 941 2589 33,
969 2513 1035 2576 sine
1062 2510 1200 2574 sensibili
1221 2531 1327 2573 errore
1348 2530 1407 2592 pro

122 2619 295 2704 aequalibus
322 2618 432 2682 heberi
464 2631 620 2702 poterunt.
682 2619 811 2684 Interim
842 2633 946 2685 tamen
977 2622 1003 2684 si
1031 2641 1080 2683 res
1111 2615 1254 2682 accurate
1282 2617 1407 2704 definiri

123 2727 246 2805 debeat,
285 2741 316 2791 et
351 2727 397 2790 vis
435 2727 516 2792 Solis
552 2729 779 2794 incrementum
814 2729 930 2817 angulo
990 2727 1037 2790 dl
1074 2726 1258 2812 acquisitum
1295 2724 1335 2788 sit
1371 2751 1407 2778 ==

120 2831 652 2996 QfflssgQ-Q,
676 2875 735 2938 erit
756 2875 803 2938 vis
825 2875 927 2939 Lunae
949 2872 1175 2936 incrementum
1197 2871 1308 2936 eodem
1329 2883 1407 2936 tem·

123 3079 255 3168 pusculo
270 3091 431 3162 acceptum
445 3105 480 3132 =
491 3041 1025 3202 ψ.
1080 3081 1133 3144 Ex
1157 3079 1206 3143 his
1226 3080 1408 3168 intelligitur

123 3249 193 3314 inec
218 3251 409 3313 incremento
431 3247 531 3312 tribus
555 3246 677 3311 casibus
700 3265 893 3325 evanescere,
918 3271 1050 3334 quorum
1074 3251 1195 3335 primus
1218 3252 1321 3316 evenit
1349 3249 1407 3314 sub

122 3355 213 3442 polis,
229 3356 303 3442 quis
317 3355 361 3418 ibi
375 3367 423 3418 est
436 3353 558 3438 ρέος
581 3352 744 3430 secundus,
761 3354 787 3416 si
801 3366 952 3437 punctum
969 3355 998 3420 L
1013 3357 1046 3419 in
1060 3355 1234 3421 meridiano
1248 3357 1288 3420 sit
1303 3358 1405 3433 situm,

124 3475 191 3528 turn
207 3465 290 3528 enim
304 3461 341 3527 fit
356 3461 387 3526 T
400 3487 435 3516 ε
450 3469 491 3536 03
513 3459 622 3523 tertius
637 3457 772 3545 denique
785 3459 889 3522 locum
904 3460 1007 3540 hebet,
1023 3461 1050 3526 si
1064 3474 1216 3547 punctum
1231 3463 1260 3528 L
1274 3463 1306 3526 in
1322 3461 1408 3530 hosi.
1497 3539 1500 3546 .

123 3565 818 3651 sonteexistntubiesttpq÷PQ=o

166 3685 190 3760 t
206 3687 259 3743 63.
284 3676 446 3741 Ponemus
468 3695 553 3738 nnnc
576 3671 682 3738 Solem
703 3671 735 3736 in
759 3672 788 3736 L
810 3661 926 3736 verstri
941 3695 978 3739 sc
993 3659 1118 3740 Lunam
1132 3697 1189 3761 per
1202 3675 1409 3740 meridianum

120 3787 187 3873 jem
201 3787 368 3862 transiisse,
384 3785 506 3870 hocque
521 3795 681 3846 momento
696 3781 832 3846 maxime
846 3803 959 3867 equam
974 3806 1042 3848 esse
1057 3785 1225 3861 elevetsm3
1243 3769 1310 3870 j'em
1324 3784 1408 3849 enim

126 3894 316 3958 ostendimus
331 3893 408 3958 dum
426 3892 481 3958 Sol
496 3890 536 3954 ab
549 3889 711 3954 horizonte
726 3889 853 3967 recedit,
876 3913 989 3976 squam
1005 3915 1159 3960 summam
1179 3892 1317 3958 incidere
1337 3905 1410 3977 post

125 4000 289 4066 usnsitum
310 4003 412 4066 Lunae
433 4023 492 4086 per
512 3999 729 4064 meridiatum.
775 3999 851 4064 Hoc
872 4021 948 4087 ergo
969 4016 1129 4068 momento
1150 4025 1275 4069 necesse
1295 4015 1351 4081 est,
1375 4015 1411 4068 ut

125 4111 357 4176 decrementum
367 4111 413 4174 vis
425 4109 538 4185 Lnnae,
547 4105 633 4194 quod
644 4105 838 4190 tempusculo
849 4105 1028 4191 dtpstitur,
1040 4111 1160 4196 sequsde
1171 4111 1210 4176 sit
1217 4112 1411 4174 incremento

127 4219 173 4284 vis
190 4219 271 4286 Solis
286 4217 395 4282 eodem
409 4231 550 4303 ternpore
562 4227 701 4300 accepto.
734 4215 782 4280 Sit
795 4216 891 4302 igitur
901 4217 1007 4304 anguli
1018 4217 1135 4282 horarii
1145 4215 1186 4283 sd
1196 4219 1305 4303 polum
1317 4217 1411 4282 sumti

117 4348 190 4413 ,quo
212 4325 306 4390 Luna
322 4326 389 4410 jam
414 4347 433 4387 n
452 4324 625 4388 meridiano
647 4323 782 4399 recessit,
805 4321 929 4386 cosinus
943 4349 979 4378 -τ
993 4343 1025 4402 n,
1049 4325 1134 4390 sinus
1148 4351 1184 4382 =
1198 4325 1241 4402 N,
1263 4337 1356 4410 atque
1371 4323 1411 4388 sit

128 4435 230 4500 Lnnae
245 4429 459 4496 declinationis
473 4429 605 4495 borealis
619 4429 705 4494 sinus
715 4455 750 4484 a·
763 4427 804 4505 R,
821 4429 945 4493 cosinus
955 4457 990 4485 ιι
1002 4453 1027 4509 r,
1044 4433 1209 4517 exquibus
1224 4433 1341 4496 orietur
1356 4430 1411 4496 de·

128 4592 319 4646 crementum
334 4579 381 4642 vis
394 4577 495 4642 Lunae
509 4578 704 4676 tempusculo
719 4575 739 4640 d
752 4583 880 4640 tortum
889 4603 924 4634 =
937 4549 956 4604 ⁸
968 4541 996 4604 L
1006 4546 1072 4626 (nl)
1083 4541 1141 4608 Η·
1157 4541 1239 4622 PR)
1253 4541 1285 4608 N
1296 4565 1319 4628 p
1330 4542 1399 4606 ΝΗ

129 4751 213 4838 qnod
235 4750 308 4818 ct'nn
329 4750 450 4836 equale
471 4771 538 4814 esse
560 4748 673 4814 debent
694 4749 887 4816 incremento
908 4749 954 4812 vis
978 4747 1060 4814 Solis
1082 4747 1192 4824 eodem
1215 4717 1411 4837 tempusculo

714 4859 738 4908 X
750 4865 765 4907 8
