<?xml version="1.0" encoding="UTF-8"?>
<!DOCTYPE html PUBLIC "-//W3C//DTD XHTML 1.0 Transitional//EN"
    "http://www.w3.org/TR/xhtml1/DTD/xhtml1-transitional.dtd">
<html xmlns="http://www.w3.org/1999/xhtml" xml:lang="en" lang="en">
 <head>
  <title>
</title>
<meta http-equiv="Content-Type" content="text/html;charset=utf-8" />
  <meta name='ocr-system' content='tesseract 3.04.00' />
  <meta name='ocr-capabilities' content='ocr_page ocr_carea ocr_par ocr_line ocrx_word'/>
</head>
<body>
  <div class='ocr_page' id='page_1' title='image "./philosophinatur03wriggoog_0080.png"; bbox 0 0 3568 5872; ppageno 0'>
   <div class='ocr_carea' id='block_1_1' title="bbox 169 512 1443 606">
    <p class='ocr_par' dir='ltr' id='par_1_1' title="bbox 169 512 1443 606">
     <span class='ocr_line' id='line_1_1' title="bbox 169 512 1443 606; baseline 0.004 -13"><span class='ocrx_word' id='word_1_1' title='bbox 169 527 474 606; x_wconf 64' lang='lat' dir='ltr'>tranum-rnre]</span> <span class='ocrx_word' id='word_1_2' title='bbox 517 512 758 592; x_wconf 72' lang='lat' dir='ltr'>rumetrtl</span> <span class='ocrx_word' id='word_1_3' title='bbox 781 525 1151 604; x_wconf 79' lang='lat' dir='ltr'>MATHEMATICA.</span> <span class='ocrx_word' id='word_1_4' title='bbox 1403 542 1443 599; x_wconf 78' lang='lat'>33</span> 
     </span>
    </p>
   </div>
   <div class='ocr_carea' id='block_1_2' title="bbox 1 599 1483 2397">
    <p class='ocr_par' dir='ltr' id='par_1_2' title="bbox 1 599 1446 980">
     <span class='ocr_line' id='line_1_2' title="bbox 1 599 6 656; baseline 0 0"><span class='ocrx_word' id='word_1_5' title='bbox 1 599 6 656; x_wconf 85' lang='lat' dir='ltr'>l</span> 
     </span>
     <span class='ocr_line' id='line_1_3' title="bbox 166 694 1446 784; baseline 0.005 -22"><span class='ocrx_word' id='word_1_6' title='bbox 166 697 290 762; x_wconf 64' lang='lat' dir='ltr'>&amp;atum</span> <span class='ocrx_word' id='word_1_7' title='bbox 304 697 459 762; x_wconf 66' lang='lat' dir='ltr'>dimanfiae</span> <span class='ocrx_word' id='word_1_8' title='bbox 472 694 613 760; x_wconf 83' lang='lat' dir='ltr'>locorum</span> <span class='ocrx_word' id='word_1_9' title='bbox 627 719 647 760; x_wconf 86' lang='lat' dir='ltr'>a</span> <span class='ocrx_word' id='word_1_10' title='bbox 660 707 767 762; x_wconf 86' lang='lat' dir='ltr'>centro</span> <span class='ocrx_word' id='word_1_11' title='bbox 782 695 925 782; x_wconf 81' lang='lat' dir='ltr'>planetae.</span> <span class='ocrx_word' id='word_1_12' title='bbox 964 697 1007 761; x_wconf 87' lang='lat' dir='ltr'>Et</span> <span class='ocrx_word' id='word_1_13' title='bbox 1020 697 1093 761; x_wconf 86' lang='lat' dir='ltr'>inde</span> <span class='ocrx_word' id='word_1_14' title='bbox 1108 717 1298 782; x_wconf 82' lang='lat' dir='ltr'>consequens</span> <span class='ocrx_word' id='word_1_15' title='bbox 1314 710 1361 762; x_wconf 88' lang='lat' dir='ltr'>est</span> <span class='ocrx_word' id='word_1_16' title='bbox 1375 704 1446 784; x_wconf 83' lang='lat' dir='ltr'>(pet</span> 
     </span>
     <span class='ocr_line' id='line_1_4' title="bbox 168 802 1445 891; baseline 0 -21"><span class='ocrx_word' id='word_1_17' title='bbox 168 807 265 891; x_wconf 92' lang='lat' dir='ltr'>Prop.</span> <span class='ocrx_word' id='word_1_18' title='bbox 281 805 412 870; x_wconf 81' lang='lat' dir='ltr'>thx.</span> <span class='ocrx_word' id='word_1_19' title='bbox 427 804 508 868; x_wconf 65' lang='lat' dir='ltr'>tib.</span> <span class='ocrx_word' id='word_1_20' title='bbox 524 802 551 868; x_wconf 95' lang='grc' dir='ltr'>Ι.</span> <span class='ocrx_word' id='word_1_21' title='bbox 566 815 598 869; x_wconf 87' lang='lat' dir='ltr'>et</span> <span class='ocrx_word' id='word_1_22' title='bbox 612 805 677 890; x_wconf 86' lang='lat' dir='ltr'>ejus</span> <span class='ocrx_word' id='word_1_23' title='bbox 694 803 879 885; x_wconf 75' lang='lat' dir='ltr'>Corollaria)</span> <span class='ocrx_word' id='word_1_24' title='bbox 901 804 1083 890; x_wconf 77' lang='lat' dir='ltr'>gravitatem</span> <span class='ocrx_word' id='word_1_25' title='bbox 1098 804 1131 868; x_wconf 91' lang='lat' dir='ltr'>in</span> <span class='ocrx_word' id='word_1_26' title='bbox 1146 825 1253 870; x_wconf 85' lang='lat' dir='ltr'>omnes</span> <span class='ocrx_word' id='word_1_27' title='bbox 1267 805 1445 890; x_wconf 86' lang='lat' dir='ltr'>proportio·</span> 
     </span>
     <span class='ocr_line' id='line_1_5' title="bbox 165 913 1402 980; baseline -0.002 0"><span class='ocrx_word' id='word_1_28' title='bbox 165 915 269 980; x_wconf 79' lang='lat' dir='ltr'>nalem</span> <span class='ocrx_word' id='word_1_29' title='bbox 284 937 350 978; x_wconf 86' lang='lat' dir='ltr'>esse</span> <span class='ocrx_word' id='word_1_30' title='bbox 364 914 502 978; x_wconf 75' lang='lat' dir='ltr'>materiae</span> <span class='ocrx_word' id='word_1_31' title='bbox 516 913 549 976; x_wconf 95' lang='lat' dir='ltr'>in</span> <span class='ocrx_word' id='word_1_32' title='bbox 563 914 683 979; x_wconf 85' lang='lat' dir='ltr'>iisdetn.</span> <span class='ocrx_word' id='word_1_33' title='bbox 1398 935 1402 941; x_wconf 78' lang='lat'><strong>·</strong></span> 
     </span>
    </p>

    <p class='ocr_par' dir='ltr' id='par_1_3' title="bbox 163 1021 1444 1642">
     <span class='ocr_line' id='line_1_6' title="bbox 211 1021 1444 1110; baseline 0 -22"><span class='ocrx_word' id='word_1_34' title='bbox 211 1021 311 1088; x_wconf 91' lang='lat' dir='ltr'>Porro</span> <span class='ocrx_word' id='word_1_35' title='bbox 333 1021 404 1088; x_wconf 83' lang='lat' dir='ltr'>etim</span> <span class='ocrx_word' id='word_1_36' title='bbox 424 1023 559 1107; x_wconf 71' lang='lat' dir='ltr'>planetae</span> <span class='ocrx_word' id='word_1_37' title='bbox 580 1023 712 1108; x_wconf 79' lang='lat' dir='ltr'>cujusvis</span> <span class='ocrx_word' id='word_1_38' title='bbox 735 1023 764 1086; x_wconf 90' lang='lat' dir='ltr'>A</span> <span class='ocrx_word' id='word_1_39' title='bbox 787 1035 890 1107; x_wconf 85' lang='lat' dir='ltr'>portes</span> <span class='ocrx_word' id='word_1_40' title='bbox 907 1045 1015 1086; x_wconf 91' lang='lat' dir='ltr'>omnes</span> <span class='ocrx_word' id='word_1_41' title='bbox 1039 1044 1148 1110; x_wconf 81' lang='lat' dir='ltr'>graves</span> <span class='ocrx_word' id='word_1_42' title='bbox 1163 1022 1224 1086; x_wconf 90' lang='lat' dir='ltr'>sint</span> <span class='ocrx_word' id='word_1_43' title='bbox 1241 1023 1274 1085; x_wconf 91' lang='lat' dir='ltr'>in</span> <span class='ocrx_word' id='word_1_44' title='bbox 1287 1023 1444 1107; x_wconf 77' lang='lat' dir='ltr'>planetam</span> 
     </span>
     <span class='ocr_line' id='line_1_7' title="bbox 164 1129 1444 1217; baseline 0 -23"><span class='ocrx_word' id='word_1_45' title='bbox 164 1130 301 1216; x_wconf 87' lang='lat' dir='ltr'>quemvis</span> <span class='ocrx_word' id='word_1_46' title='bbox 325 1130 363 1206; x_wconf 84' lang='grc' dir='ltr'>Β,</span> <span class='ocrx_word' id='word_1_47' title='bbox 386 1141 417 1194; x_wconf 86' lang='lat' dir='ltr'>et</span> <span class='ocrx_word' id='word_1_48' title='bbox 437 1130 572 1217; x_wconf 83' lang='lat' dir='ltr'>gravitas</span> <span class='ocrx_word' id='word_1_49' title='bbox 594 1129 691 1214; x_wconf 84' lang='lat' dir='ltr'>partis</span> <span class='ocrx_word' id='word_1_50' title='bbox 713 1129 862 1215; x_wconf 86' lang='lat' dir='ltr'>cujusque</span> <span class='ocrx_word' id='word_1_51' title='bbox 883 1129 924 1193; x_wconf 84' lang='lat' dir='ltr'>sit</span> <span class='ocrx_word' id='word_1_52' title='bbox 945 1130 985 1193; x_wconf 81' lang='lat' dir='ltr'>ad</span> <span class='ocrx_word' id='word_1_53' title='bbox 999 1130 1184 1217; x_wconf 81' lang='lat' dir='ltr'>gravitatem</span> <span class='ocrx_word' id='word_1_54' title='bbox 1198 1129 1304 1206; x_wconf 84' lang='lat' dir='ltr'>totius,</span> <span class='ocrx_word' id='word_1_55' title='bbox 1328 1143 1363 1193; x_wconf 92' lang='lat' dir='ltr'>ut</span> <span class='ocrx_word' id='word_1_56' title='bbox 1376 1153 1444 1194; x_wconf 82' lang='lat' dir='ltr'>ma·</span> 
     </span>
     <span class='ocr_line' id='line_1_8' title="bbox 163 1236 1444 1326; baseline 0.003 -26"><span class='ocrx_word' id='word_1_57' title='bbox 163 1237 243 1300; x_wconf 82' lang='lat' dir='ltr'>teria</span> <span class='ocrx_word' id='word_1_58' title='bbox 254 1238 351 1322; x_wconf 85' lang='lat' dir='ltr'>partis</span> <span class='ocrx_word' id='word_1_59' title='bbox 366 1237 407 1302; x_wconf 84' lang='lat' dir='ltr'>cd</span> <span class='ocrx_word' id='word_1_60' title='bbox 421 1236 584 1301; x_wconf 73' lang='lat' dir='ltr'><strong>materiam</strong></span> <span class='ocrx_word' id='word_1_61' title='bbox 598 1237 712 1314; x_wconf 87' lang='lat' dir='ltr'>totius;</span> <span class='ocrx_word' id='word_1_62' title='bbox 735 1249 767 1302; x_wconf 87' lang='lat' dir='ltr'>et</span> <span class='ocrx_word' id='word_1_63' title='bbox 781 1237 895 1300; x_wconf 84' lang='lat' dir='ltr'>actioni</span> <span class='ocrx_word' id='word_1_64' title='bbox 910 1239 995 1300; x_wconf 89' lang='lat' dir='ltr'>omni</span> <span class='ocrx_word' id='word_1_65' title='bbox 1010 1239 1125 1302; x_wconf 87' lang='lat' dir='ltr'>reactio</span> <span class='ocrx_word' id='word_1_66' title='bbox 1140 1242 1209 1323; x_wconf 86' lang='lat' dir='ltr'>(per</span> <span class='ocrx_word' id='word_1_67' title='bbox 1222 1238 1327 1302; x_wconf 82' lang='lat' dir='ltr'>motirs</span> <span class='ocrx_word' id='word_1_68' title='bbox 1342 1239 1444 1326; x_wconf 81' lang='lat' dir='ltr'>legem</span> 
     </span>
     <span class='ocr_line' id='line_1_9' title="bbox 163 1345 1444 1436; baseline 0.004 -28"><span class='ocrx_word' id='word_1_69' title='bbox 163 1345 298 1425; x_wconf 81' lang='lat' dir='ltr'>tertiam)</span> <span class='ocrx_word' id='word_1_70' title='bbox 314 1345 441 1432; x_wconf 83' lang='lat' dir='ltr'>oequrlis</span> <span class='ocrx_word' id='word_1_71' title='bbox 457 1346 515 1422; x_wconf 87' lang='lat' dir='ltr'>sit;</span> <span class='ocrx_word' id='word_1_72' title='bbox 530 1345 656 1430; x_wconf 81' lang='lat' dir='ltr'>planeta</span> <span class='ocrx_word' id='word_1_73' title='bbox 672 1345 700 1410; x_wconf 92' lang='lat' dir='ltr'><strong>B</strong></span> <span class='ocrx_word' id='word_1_74' title='bbox 715 1345 748 1408; x_wconf 92' lang='lat' dir='ltr'>in</span> <span class='ocrx_word' id='word_1_75' title='bbox 762 1358 865 1430; x_wconf 82' lang='lat' dir='ltr'>partes</span> <span class='ocrx_word' id='word_1_76' title='bbox 881 1368 989 1410; x_wconf 86' lang='lat' dir='ltr'>omnes</span> <span class='ocrx_word' id='word_1_77' title='bbox 1003 1347 1137 1432; x_wconf 82' lang='lat' dir='ltr'>planetoe</span> <span class='ocrx_word' id='word_1_78' title='bbox 1148 1349 1184 1410; x_wconf 85' lang='lat' dir='ltr'>A.</span> <span class='ocrx_word' id='word_1_79' title='bbox 1194 1347 1327 1412; x_wconf 88' lang='lat' dir='ltr'>vicissim</span> <span class='ocrx_word' id='word_1_80' title='bbox 1341 1349 1444 1436; x_wconf 83' lang='lat' dir='ltr'>gravi-</span> 
     </span>
     <span class='ocr_line' id='line_1_10' title="bbox 164 1449 1443 1540; baseline 0.004 -27"><span class='ocrx_word' id='word_1_81' title='bbox 164 1449 250 1526; x_wconf 83' lang='lat' dir='ltr'>tabit,</span> <span class='ocrx_word' id='word_1_82' title='bbox 267 1463 300 1514; x_wconf 87' lang='lat' dir='ltr'>et</span> <span class='ocrx_word' id='word_1_83' title='bbox 313 1451 374 1514; x_wconf 88' lang='lat' dir='ltr'>erit</span> <span class='ocrx_word' id='word_1_84' title='bbox 387 1450 522 1537; x_wconf 76' lang='lat' dir='ltr'>gravitas</span> <span class='ocrx_word' id='word_1_85' title='bbox 538 1473 595 1515; x_wconf 85' lang='lat' dir='ltr'>sua</span> <span class='ocrx_word' id='word_1_86' title='bbox 609 1451 642 1513; x_wconf 89' lang='lat' dir='ltr'>in</span> <span class='ocrx_word' id='word_1_87' title='bbox 655 1463 776 1535; x_wconf 84' lang='lat' dir='ltr'>partem</span> <span class='ocrx_word' id='word_1_88' title='bbox 792 1473 1041 1538; x_wconf 78' lang='lat' dir='ltr'>unamquamque</span> <span class='ocrx_word' id='word_1_89' title='bbox 1055 1452 1096 1516; x_wconf 86' lang='lat' dir='ltr'>ad</span> <span class='ocrx_word' id='word_1_90' title='bbox 1110 1453 1293 1540; x_wconf 84' lang='lat' dir='ltr'>gravitatem</span> <span class='ocrx_word' id='word_1_91' title='bbox 1307 1476 1395 1518; x_wconf 82' lang='lat' dir='ltr'>suam</span> <span class='ocrx_word' id='word_1_92' title='bbox 1410 1455 1443 1518; x_wconf 90' lang='lat' dir='ltr'>in</span> 
     </span>
     <span class='ocr_line' id='line_1_11' title="bbox 163 1557 1106 1642; baseline 0 -20"><span class='ocrx_word' id='word_1_93' title='bbox 163 1567 273 1635; x_wconf 83' lang='lat' dir='ltr'>totum,</span> <span class='ocrx_word' id='word_1_94' title='bbox 289 1569 324 1622; x_wconf 92' lang='lat' dir='ltr'>ut</span> <span class='ocrx_word' id='word_1_95' title='bbox 338 1558 467 1620; x_wconf 81' lang='lat' dir='ltr'>materia</span> <span class='ocrx_word' id='word_1_96' title='bbox 480 1558 576 1642; x_wconf 84' lang='lat' dir='ltr'>partis</span> <span class='ocrx_word' id='word_1_97' title='bbox 592 1557 633 1621; x_wconf 85' lang='lat' dir='ltr'>ed</span> <span class='ocrx_word' id='word_1_98' title='bbox 647 1557 808 1622; x_wconf 83' lang='lat' dir='ltr'>materiam</span> <span class='ocrx_word' id='word_1_99' title='bbox 824 1559 928 1622; x_wconf 91' lang='lat' dir='ltr'>totius.</span> <span class='ocrx_word' id='word_1_100' title='bbox 974 1557 1015 1634; x_wconf 86' lang='lat' dir='ltr'>Q.</span> <span class='ocrx_word' id='word_1_101' title='bbox 1032 1581 1060 1622; x_wconf 90' lang='lat' dir='ltr'>e.</span> <span class='ocrx_word' id='word_1_102' title='bbox 1075 1557 1106 1622; x_wconf 92' lang='lat' dir='ltr'>d.</span> 
     </span>
    </p>

    <p class='ocr_par' dir='ltr' id='par_1_4' title="bbox 161 1663 1483 2397">
     <span class='ocr_line' id='line_1_12' title="bbox 207 1663 1444 1756; baseline 0.003 -28"><span class='ocrx_word' id='word_1_103' title='bbox 207 1665 306 1728; x_wconf 86' lang='lat' dir='ltr'>Corol.</span> <span class='ocrx_word' id='word_1_104' title='bbox 326 1673 353 1728; x_wconf 92' lang='lat' dir='ltr'>l.</span> <span class='ocrx_word' id='word_1_105' title='bbox 377 1663 488 1728; x_wconf 82' lang='lat' dir='ltr'>Oritur</span> <span class='ocrx_word' id='word_1_106' title='bbox 509 1665 604 1752; x_wconf 80' lang='lat' dir='ltr'>igitur</span> <span class='ocrx_word' id='word_1_107' title='bbox 625 1678 657 1730; x_wconf 81' lang='lat' dir='ltr'>et</span> <span class='ocrx_word' id='word_1_108' title='bbox 677 1665 879 1750; x_wconf 86' lang='lat' dir='ltr'>componitur</span> <span class='ocrx_word' id='word_1_109' title='bbox 900 1667 1035 1756; x_wconf 77' lang='lat' dir='ltr'>gravitas</span> <span class='ocrx_word' id='word_1_110' title='bbox 1055 1667 1088 1732; x_wconf 93' lang='lat' dir='ltr'>in</span> <span class='ocrx_word' id='word_1_111' title='bbox 1106 1667 1265 1752; x_wconf 80' lang='lat' dir='ltr'>planetum</span> <span class='ocrx_word' id='word_1_112' title='bbox 1283 1678 1383 1732; x_wconf 83' lang='lat' dir='ltr'>toturn</span> <span class='ocrx_word' id='word_1_113' title='bbox 1404 1690 1444 1732; x_wconf 86' lang='lat' dir='ltr'>ex</span> 
     </span>
     <span class='ocr_line' id='line_1_13' title="bbox 161 1771 1444 1858; baseline 0.005 -26"><span class='ocrx_word' id='word_1_114' title='bbox 161 1771 312 1858; x_wconf 76' lang='lat' dir='ltr'>gravitate</span> <span class='ocrx_word' id='word_1_115' title='bbox 333 1771 367 1833; x_wconf 92' lang='lat' dir='ltr'>in</span> <span class='ocrx_word' id='word_1_116' title='bbox 388 1783 494 1856; x_wconf 86' lang='lat' dir='ltr'>partes</span> <span class='ocrx_word' id='word_1_117' title='bbox 516 1771 663 1858; x_wconf 77' lang='lat' dir='ltr'>singulas.</span> <span class='ocrx_word' id='word_1_118' title='bbox 710 1771 807 1857; x_wconf 89' lang='lat' dir='ltr'>Cujus</span> <span class='ocrx_word' id='word_1_119' title='bbox 829 1773 875 1836; x_wconf 88' lang='lat' dir='ltr'>rei</span> <span class='ocrx_word' id='word_1_120' title='bbox 899 1773 1041 1858; x_wconf 82' lang='lat' dir='ltr'>exemplu</span> <span class='ocrx_word' id='word_1_121' title='bbox 1060 1771 1211 1838; x_wconf 84' lang='lat' dir='ltr'>habemus</span> <span class='ocrx_word' id='word_1_122' title='bbox 1233 1775 1268 1858; x_wconf 76' lang='lat'>(⁰)</span> <span class='ocrx_word' id='word_1_123' title='bbox 1284 1775 1316 1836; x_wconf 89' lang='lat' dir='ltr'>in</span> <span class='ocrx_word' id='word_1_124' title='bbox 1331 1787 1444 1839; x_wconf 83' lang='lat' dir='ltr'>attrac-</span> 
     </span>
     <span class='ocr_line' id='line_1_14' title="bbox 163 1877 1445 1966; baseline 0.002 -24"><span class='ocrx_word' id='word_1_125' title='bbox 163 1877 298 1942; x_wconf 86' lang='lat' dir='ltr'>tionibus</span> <span class='ocrx_word' id='word_1_126' title='bbox 312 1878 494 1966; x_wconf 82' lang='lat' dir='ltr'>magneticis</span> <span class='ocrx_word' id='word_1_127' title='bbox 509 1889 542 1941; x_wconf 88' lang='lat' dir='ltr'>et</span> <span class='ocrx_word' id='word_1_128' title='bbox 556 1878 717 1943; x_wconf 83' lang='lat' dir='ltr'>electriois.</span> <span class='ocrx_word' id='word_1_129' title='bbox 762 1878 876 1943; x_wconf 89' lang='lat' dir='ltr'>Oritur</span> <span class='ocrx_word' id='word_1_130' title='bbox 887 1879 970 1943; x_wconf 87' lang='lat' dir='ltr'>enirn</span> <span class='ocrx_word' id='word_1_131' title='bbox 980 1879 1123 1944; x_wconf 79' lang='lat' dir='ltr'>attractio</span> <span class='ocrx_word' id='word_1_132' title='bbox 1137 1880 1237 1944; x_wconf 86' lang='lat' dir='ltr'>omnis</span> <span class='ocrx_word' id='word_1_133' title='bbox 1246 1880 1280 1942; x_wconf 90' lang='lat' dir='ltr'>in</span> <span class='ocrx_word' id='word_1_134' title='bbox 1289 1892 1387 1944; x_wconf 87' lang='lat' dir='ltr'>totum</span> <span class='ocrx_word' id='word_1_135' title='bbox 1404 1903 1445 1945; x_wconf 84' lang='lat' dir='ltr'>ex</span> 
     </span>
     <span class='ocr_line' id='line_1_15' title="bbox 162 1985 1444 2073; baseline 0 -23"><span class='ocrx_word' id='word_1_136' title='bbox 162 1987 396 2050; x_wconf 70' lang='lat' dir='ltr'>attrecfionibus</span> <span class='ocrx_word' id='word_1_137' title='bbox 412 1986 443 2048; x_wconf 89' lang='lat' dir='ltr'>in</span> <span class='ocrx_word' id='word_1_138' title='bbox 458 1997 563 2069; x_wconf 83' lang='lat' dir='ltr'>partes</span> <span class='ocrx_word' id='word_1_139' title='bbox 578 1986 724 2073; x_wconf 78' lang='lat' dir='ltr'>singulas.</span> <span class='ocrx_word' id='word_1_140' title='bbox 772 1985 810 2069; x_wconf 71' lang='lat'>(⁶)</span> <span class='ocrx_word' id='word_1_141' title='bbox 829 1986 893 2050; x_wconf 85' lang='lat' dir='ltr'>Res</span> <span class='ocrx_word' id='word_1_142' title='bbox 907 1985 1096 2072; x_wconf 80' lang='lat' dir='ltr'>intelligetur</span> <span class='ocrx_word' id='word_1_143' title='bbox 1110 1986 1143 2048; x_wconf 88' lang='lat' dir='ltr'>itt</span> <span class='ocrx_word' id='word_1_144' title='bbox 1157 1987 1316 2072; x_wconf 78' lang='lat' dir='ltr'>gravitate,</span> <span class='ocrx_word' id='word_1_145' title='bbox 1340 1989 1444 2052; x_wconf 87' lang='lat' dir='ltr'>conci-</span> 
     </span>
     <span class='ocr_line' id='line_1_16' title="bbox 161 2091 1483 2184; baseline 0.002 -28"><span class='ocrx_word' id='word_1_146' title='bbox 161 2093 278 2178; x_wconf 88' lang='lat' dir='ltr'>piendo</span> <span class='ocrx_word' id='word_1_147' title='bbox 298 2093 438 2178; x_wconf 80' lang='lat' dir='ltr'>planetas</span> <span class='ocrx_word' id='word_1_148' title='bbox 456 2091 561 2176; x_wconf 83' lang='lat' dir='ltr'>plures</span> <span class='ocrx_word' id='word_1_149' title='bbox 575 2094 711 2156; x_wconf 83' lang='lat' dir='ltr'>minores</span> <span class='ocrx_word' id='word_1_150' title='bbox 725 2093 871 2156; x_wconf 89' lang='lat' dir='ltr'>inunum</span> <span class='ocrx_word' id='word_1_151' title='bbox 886 2091 1016 2179; x_wconf 78' lang='lat' dir='ltr'>globum</span> <span class='ocrx_word' id='word_1_152' title='bbox 1033 2091 1117 2156; x_wconf 86' lang='lat' dir='ltr'>coire</span> <span class='ocrx_word' id='word_1_153' title='bbox 1131 2103 1163 2156; x_wconf 88' lang='lat' dir='ltr'>et</span> <span class='ocrx_word' id='word_1_154' title='bbox 1175 2091 1332 2176; x_wconf 85' lang='lat' dir='ltr'>planetam</span> <span class='ocrx_word' id='word_1_155' title='bbox 1347 2096 1443 2178; x_wconf 85' lang='lat' dir='ltr'>majo·</span> <span class='ocrx_word' id='word_1_156' title='bbox 1478 2179 1483 2184; x_wconf 25' lang='grc' dir='ltr'>Ι</span> 
     </span>
     <span class='ocr_line' id='line_1_17' title="bbox 161 2181 1477 2286; baseline -0.001 -21"><span class='ocrx_word' id='word_1_157' title='bbox 161 2223 230 2265; x_wconf 82' lang='lat' dir='ltr'>rem</span> <span class='ocrx_word' id='word_1_158' title='bbox 249 2223 446 2284; x_wconf 82' lang='lat' dir='ltr'>componere.</span> <span class='ocrx_word' id='word_1_159' title='bbox 491 2199 575 2264; x_wconf 88' lang='lat' dir='ltr'>Nam</span> <span class='ocrx_word' id='word_1_160' title='bbox 588 2200 634 2262; x_wconf 84' lang='lat' dir='ltr'>vis</span> <span class='ocrx_word' id='word_1_161' title='bbox 649 2200 744 2264; x_wconf 86' lang='lat' dir='ltr'>totius</span> <span class='ocrx_word' id='word_1_162' title='bbox 759 2221 802 2264; x_wconf 83' lang='lat' dir='ltr'>ex</span> <span class='ocrx_word' id='word_1_163' title='bbox 816 2201 936 2264; x_wconf 88' lang='lat' dir='ltr'>viribus</span> <span class='ocrx_word' id='word_1_164' title='bbox 950 2203 1087 2286; x_wconf 84' lang='lat' dir='ltr'>portium</span> <span class='ocrx_word' id='word_1_165' title='bbox 1102 2199 1354 2284; x_wconf 84' lang='lat' dir='ltr'>componentitun</span> <span class='ocrx_word' id='word_1_166' title='bbox 1369 2203 1444 2264; x_wconf 90' lang='lat' dir='ltr'>oriri</span> <span class='ocrx_word' id='word_1_167' title='bbox 1469 2181 1477 2186; x_wconf 33' lang='lat'>⁸</span> 
     </span>
     <span class='ocr_line' id='line_1_18' title="bbox 161 2308 1443 2397; baseline -0.002 -23"><span class='ocrx_word' id='word_1_168' title='bbox 161 2311 297 2376; x_wconf 84' lang='lat' dir='ltr'>debebit</span> <span class='ocrx_word' id='word_1_169' title='bbox 343 2311 381 2395; x_wconf 84' lang='lat'>(·)</span> <span class='ocrx_word' id='word_1_170' title='bbox 405 2311 439 2376; x_wconf 82' lang='lat' dir='ltr'>si</span> <span class='ocrx_word' id='word_1_171' title='bbox 461 2308 529 2396; x_wconf 85' lang='lat' dir='ltr'>quis</span> <span class='ocrx_word' id='word_1_172' title='bbox 550 2309 676 2394; x_wconf 83' lang='lat' dir='ltr'>objiciat</span> <span class='ocrx_word' id='word_1_173' title='bbox 696 2309 782 2395; x_wconf 89' lang='lat' dir='ltr'>quod</span> <span class='ocrx_word' id='word_1_174' title='bbox 805 2329 938 2393; x_wconf 86' lang='lat' dir='ltr'>corpora</span> <span class='ocrx_word' id='word_1_175' title='bbox 958 2311 1076 2388; x_wconf 82' lang='lat' dir='ltr'>omnia,</span> <span class='ocrx_word' id='word_1_176' title='bbox 1098 2329 1169 2397; x_wconf 85' lang='lat' dir='ltr'>quae</span> <span class='ocrx_word' id='word_1_177' title='bbox 1188 2308 1274 2392; x_wconf 82' lang='lat' dir='ltr'>apud</span> <span class='ocrx_word' id='word_1_178' title='bbox 1287 2329 1344 2372; x_wconf 85' lang='lat' dir='ltr'>nos</span> <span class='ocrx_word' id='word_1_179' title='bbox 1360 2321 1443 2388; x_wconf 89' lang='lat' dir='ltr'>sunt,</span> 
     </span>
    </p>
   </div>
   <div class='ocr_carea' id='block_1_3' title="bbox 161 2513 1490 4810">
    <p class='ocr_par' dir='ltr' id='par_1_5' title="bbox 161 2513 1451 2705">
     <span class='ocr_line' id='line_1_19' title="bbox 194 2513 1443 2592; baseline -0.003 -26"><span class='ocrx_word' id='word_1_180' title='bbox 194 2513 229 2592; x_wconf 55' lang='lat'>5⁰)</span> <span class='ocrx_word' id='word_1_181' title='bbox 242 2518 256 2546; x_wconf 78' lang='lat'><em>⁰</em></span> <span class='ocrx_word' id='word_1_182' title='bbox 268 2516 658 2576; x_wconf 69' lang='lat' dir='ltr'>mmmatminnmguttcoer</span> <span class='ocrx_word' id='word_1_183' title='bbox 669 2515 784 2572; x_wconf 63' lang='lat' dir='ltr'>eleaticis,</span> <span class='ocrx_word' id='word_1_184' title='bbox 818 2519 882 2574; x_wconf 83' lang='lat' dir='ltr'>patet</span> <span class='ocrx_word' id='word_1_185' title='bbox 902 2513 1023 2562; x_wconf 83' lang='lat' dir='ltr'>minimam</span> <span class='ocrx_word' id='word_1_186' title='bbox 1044 2530 1138 2580; x_wconf 79' lang='lat' dir='ltr'>quoquc</span> <span class='ocrx_word' id='word_1_187' title='bbox 1158 2531 1209 2566; x_wconf 81' lang='lat' dir='ltr'>erse</span> <span class='ocrx_word' id='word_1_188' title='bbox 1227 2524 1337 2564; x_wconf 83' lang='lat' dir='ltr'>mutuam</span> <span class='ocrx_word' id='word_1_189' title='bbox 1358 2514 1443 2562; x_wconf 82' lang='lat' dir='ltr'>horum</span> 
     </span>
     <span class='ocr_line' id='line_1_20' title="bbox 161 2575 1444 2642; baseline -0.003 -14"><span class='ocrx_word' id='word_1_190' title='bbox 161 2581 203 2628; x_wconf 90' lang='lat' dir='ltr'>ubt</span> <span class='ocrx_word' id='word_1_191' title='bbox 220 2577 390 2639; x_wconf 78' lang='lat' dir='ltr'>utplurimum</span> <span class='ocrx_word' id='word_1_192' title='bbox 406 2577 453 2640; x_wconf 77' lang='lat' dir='ltr'>quo</span> <span class='ocrx_word' id='word_1_193' title='bbox 469 2579 545 2642; x_wconf 86' lang='lat' dir='ltr'>majats</span> <span class='ocrx_word' id='word_1_194' title='bbox 559 2579 731 2636; x_wconf 65' lang='lat' dir='ltr'>mutuaberis,</span> <span class='ocrx_word' id='word_1_195' title='bbox 748 2575 786 2636; x_wconf 67' lang='lat' dir='ltr'>ab,</span> <span class='ocrx_word' id='word_1_196' title='bbox 818 2591 941 2636; x_wconf 80' lang='lat' dir='ltr'>corporum</span> <span class='ocrx_word' id='word_1_197' title='bbox 959 2581 1118 2627; x_wconf 75' lang='lat' dir='ltr'>attractionem</span> <span class='ocrx_word' id='word_1_198' title='bbox 1137 2589 1240 2642; x_wconf 80' lang='lat' dir='ltr'>respectu</span> <span class='ocrx_word' id='word_1_199' title='bbox 1260 2577 1402 2628; x_wconf 86' lang='lat' dir='ltr'>attractionis</span> <span class='ocrx_word' id='word_1_200' title='bbox 1419 2577 1444 2624; x_wconf 83' lang='lat' dir='ltr'>in</span> 
     </span>
     <span class='ocr_line' id='line_1_21' title="bbox 162 2640 1451 2705; baseline -0.002 -15"><span class='ocrx_word' id='word_1_201' title='bbox 162 2644 250 2690; x_wconf 67' lang='lat' dir='ltr'>ceteris</span> <span class='ocrx_word' id='word_1_202' title='bbox 261 2643 361 2704; x_wconf 81' lang='lat' dir='ltr'>paribus,</span> <span class='ocrx_word' id='word_1_203' title='bbox 374 2641 448 2704; x_wconf 88' lang='lat' dir='ltr'>major</span> <span class='ocrx_word' id='word_1_204' title='bbox 458 2651 492 2690; x_wconf 75' lang='lat' dir='ltr'>est</span> <span class='ocrx_word' id='word_1_205' title='bbox 502 2642 615 2690; x_wconf 70' lang='lat' dir='ltr'>attractio.</span> <span class='ocrx_word' id='word_1_206' title='bbox 820 2640 916 2688; x_wconf 77' lang='lat' dir='ltr'>Temm</span> <span class='ocrx_word' id='word_1_207' title='bbox 933 2653 1012 2689; x_wconf 86' lang='lat' dir='ltr'>totam.</span> <span class='ocrx_word' id='word_1_208' title='bbox 1049 2645 1087 2691; x_wconf 87' lang='lat' dir='ltr'>Sic</span> <span class='ocrx_word' id='word_1_209' title='bbox 1100 2646 1189 2705; x_wconf 76' lang='lat' dir='ltr'>spboera</span> <span class='ocrx_word' id='word_1_210' title='bbox 1206 2645 1285 2692; x_wconf 72' lang='lat' dir='ltr'>Tam</span> <span class='ocrx_word' id='word_1_211' title='bbox 1298 2643 1451 2702; x_wconf 73' lang='lat' dir='ltr'>homogsttea&#39;</span> 
     </span>
    </p>

    <p class='ocr_par' dir='ltr' id='par_1_6' title="bbox 161 2703 1444 3518">
     <span class='ocr_line' id='line_1_22' title="bbox 195 2703 1444 2772; baseline -0.002 -16"><span class='ocrx_word' id='word_1_212' title='bbox 195 2706 227 2772; x_wconf 81' lang='lat'>(¹)</span> <span class='ocrx_word' id='word_1_213' title='bbox 240 2711 253 2738; x_wconf 79' lang='lat'>⁸</span> <span class='ocrx_word' id='word_1_214' title='bbox 267 2711 313 2756; x_wconf 77' lang='lat' dir='ltr'>Rea</span> <span class='ocrx_word' id='word_1_215' title='bbox 323 2709 459 2768; x_wconf 79' lang='lat' dir='ltr'>intelligetur</span> <span class='ocrx_word' id='word_1_216' title='bbox 468 2709 495 2754; x_wconf 78' lang='lat' dir='ltr'>in</span> <span class='ocrx_word' id='word_1_217' title='bbox 503 2710 621 2768; x_wconf 66' lang='lat' dir='ltr'>gramma.</span> <span class='ocrx_word' id='word_1_218' title='bbox 656 2705 725 2753; x_wconf 84' lang='lat' dir='ltr'>Vires</span> <span class='ocrx_word' id='word_1_219' title='bbox 734 2721 788 2768; x_wconf 83' lang='lat' dir='ltr'>quaa</span> <span class='ocrx_word' id='word_1_220' title='bbox 819 2703 977 2766; x_wconf 82' lang='lat' dir='ltr'>diametroque</span> <span class='ocrx_word' id='word_1_221' title='bbox 993 2706 1059 2767; x_wconf 81' lang='lat' dir='ltr'>pedis</span> <span class='ocrx_word' id='word_1_222' title='bbox 1073 2710 1143 2756; x_wconf 85' lang='lat' dir='ltr'>unius</span> <span class='ocrx_word' id='word_1_223' title='bbox 1153 2709 1266 2768; x_wconf 84' lang='lat' dir='ltr'>descripta</span> <span class='ocrx_word' id='word_1_224' title='bbox 1276 2707 1355 2752; x_wconf 86' lang='lat' dir='ltr'>miuus</span> <span class='ocrx_word' id='word_1_225' title='bbox 1369 2705 1444 2753; x_wconf 80' lang='lat' dir='ltr'>trahet</span> 
     </span>
     <span class='ocr_line' id='line_1_23' title="bbox 162 2767 1443 2833; baseline -0.002 -16"><span class='ocrx_word' id='word_1_226' title='bbox 162 2779 218 2818; x_wconf 86' lang='lat' dir='ltr'>sunt</span> <span class='ocrx_word' id='word_1_227' title='bbox 229 2780 256 2818; x_wconf 92' lang='lat' dir='ltr'>ut</span> <span class='ocrx_word' id='word_1_228' title='bbox 266 2770 508 2820; x_wconf 84' lang='lat' dir='ltr'>materiaittomnium</span> <span class='ocrx_word' id='word_1_229' title='bbox 517 2769 644 2817; x_wconf 77' lang='lat' dir='ltr'>formarum</span> <span class='ocrx_word' id='word_1_230' title='bbox 654 2771 788 2831; x_wconf 86' lang='lat' dir='ltr'>corporibus</span> <span class='ocrx_word' id='word_1_231' title='bbox 819 2770 984 2828; x_wconf 77' lang='lat' dir='ltr'>corpusculum</span> <span class='ocrx_word' id='word_1_232' title='bbox 1007 2769 1077 2832; x_wconf 75' lang='lat' dir='ltr'>juxti</span> <span class='ocrx_word' id='word_1_233' title='bbox 1106 2771 1251 2833; x_wconf 80' lang='lat' dir='ltr'>superficiem</span> <span class='ocrx_word' id='word_1_234' title='bbox 1277 2783 1344 2816; x_wconf 87' lang='lat' dir='ltr'>suam</span> <span class='ocrx_word' id='word_1_235' title='bbox 1372 2767 1443 2831; x_wconf 72' lang='lat' dir='ltr'>quim</span> 
     </span>
     <span class='ocr_line' id='line_1_24' title="bbox 162 2830 1444 2896; baseline -0.001 -16"><span class='ocrx_word' id='word_1_236' title='bbox 162 2833 231 2896; x_wconf 71' lang='lat' dir='ltr'>atque</span> <span class='ocrx_word' id='word_1_237' title='bbox 246 2832 300 2882; x_wconf 75' lang='lat' dir='ltr'>ideo</span> <span class='ocrx_word' id='word_1_238' title='bbox 317 2850 363 2880; x_wconf 90' lang='lat' dir='ltr'>non</span> <span class='ocrx_word' id='word_1_239' title='bbox 379 2843 501 2880; x_wconf 88' lang='lat' dir='ltr'>mutantur</span> <span class='ocrx_word' id='word_1_240' title='bbox 516 2849 571 2881; x_wconf 89' lang='lat' dir='ltr'>cum</span> <span class='ocrx_word' id='word_1_241' title='bbox 588 2833 676 2890; x_wconf 78' lang='lat' dir='ltr'>formis,</span> <span class='ocrx_word' id='word_1_242' title='bbox 693 2832 787 2894; x_wconf 83' lang='lat' dir='ltr'>reperiri</span> <span class='ocrx_word' id='word_1_243' title='bbox 822 2830 894 2879; x_wconf 78' lang='lat' dir='ltr'>Tem</span> <span class='ocrx_word' id='word_1_244' title='bbox 902 2830 971 2894; x_wconf 72' lang='lat' dir='ltr'>justi</span> <span class='ocrx_word' id='word_1_245' title='bbox 981 2849 1047 2880; x_wconf 84' lang='lat' dir='ltr'>ruam</span> <span class='ocrx_word' id='word_1_246' title='bbox 1058 2835 1083 2882; x_wconf 89' lang='lat' dir='ltr'>in</span> <span class='ocrx_word' id='word_1_247' title='bbox 1094 2838 1182 2884; x_wconf 84' lang='lat' dir='ltr'>ratione</span> <span class='ocrx_word' id='word_1_248' title='bbox 1193 2835 1298 2884; x_wconf 80' lang='lat' dir='ltr'>diametri</span> <span class='ocrx_word' id='word_1_249' title='bbox 1309 2832 1444 2892; x_wconf 75' lang='lat' dir='ltr'>sphurarstl</span> 
     </span>
     <span class='ocr_line' id='line_1_25' title="bbox 162 2894 1441 2965; baseline -0.002 -20"><span class='ocrx_word' id='word_1_250' title='bbox 162 2897 248 2946; x_wconf 76' lang='lat' dir='ltr'>deltant</span> <span class='ocrx_word' id='word_1_251' title='bbox 262 2898 287 2944; x_wconf 87' lang='lat' dir='ltr'>in</span> <span class='ocrx_word' id='word_1_252' title='bbox 303 2898 436 2959; x_wconf 72' lang='lat' dir='ltr'>corporibus</span> <span class='ocrx_word' id='word_1_253' title='bbox 451 2897 563 2946; x_wconf 79' lang='lat' dir='ltr'>universis</span> <span class='ocrx_word' id='word_1_254' title='bbox 579 2897 724 2960; x_wconf 71' lang='lat' dir='ltr'>angulisque</span> <span class='ocrx_word' id='word_1_255' title='bbox 737 2911 788 2944; x_wconf 85' lang='lat' dir='ltr'>cor-</span> <span class='ocrx_word' id='word_1_256' title='bbox 822 2894 961 2942; x_wconf 80' lang='lat' dir='ltr'>diametrum</span> <span class='ocrx_word' id='word_1_257' title='bbox 984 2897 1063 2946; x_wconf 74' lang='lat' dir='ltr'>Terror</span> <span class='ocrx_word' id='word_1_258' title='bbox 1085 2899 1167 2965; x_wconf 81' lang='lat' dir='ltr'>(Prop.</span> <span class='ocrx_word' id='word_1_259' title='bbox 1191 2895 1309 2947; x_wconf 78' lang='lat' dir='ltr'>nxxtl.</span> <span class='ocrx_word' id='word_1_260' title='bbox 1331 2895 1384 2942; x_wconf 89' lang='lat' dir='ltr'>Lib.</span> <span class='ocrx_word' id='word_1_261' title='bbox 1406 2895 1441 2958; x_wconf 84' lang='lat'>1.)</span> 
     </span>
     <span class='ocr_line' id='line_1_26' title="bbox 162 2957 1443 3024; baseline -0.001 -16"><span class='ocrx_word' id='word_1_262' title='bbox 162 2976 246 3022; x_wconf 87' lang='lat' dir='ltr'>porum</span> <span class='ocrx_word' id='word_1_263' title='bbox 257 2963 366 3022; x_wconf 86' lang='lat' dir='ltr'>partibus.</span> <span class='ocrx_word' id='word_1_264' title='bbox 379 2971 403 3008; x_wconf 84' lang='lat' dir='ltr'>et</span> <span class='ocrx_word' id='word_1_265' title='bbox 413 2977 463 3010; x_wconf 78' lang='lat' dir='ltr'>esse</span> <span class='ocrx_word' id='word_1_266' title='bbox 473 2962 654 3024; x_wconf 82' lang='lat' dir='ltr'>proportionales</span> <span class='ocrx_word' id='word_1_267' title='bbox 664 2959 788 3024; x_wconf 86' lang='lat' dir='ltr'>quantitati</span> <span class='ocrx_word' id='word_1_268' title='bbox 820 2958 865 3005; x_wconf 87' lang='lat' dir='ltr'>ltoc</span> <span class='ocrx_word' id='word_1_269' title='bbox 885 2967 920 3006; x_wconf 81' lang='lat' dir='ltr'>est</span> <span class='ocrx_word' id='word_1_270' title='bbox 940 2959 965 3006; x_wconf 89' lang='lat' dir='ltr'>itt</span> <span class='ocrx_word' id='word_1_271' title='bbox 985 2961 1073 3010; x_wconf 85' lang='lat' dir='ltr'>ratione</span> <span class='ocrx_word' id='word_1_272' title='bbox 1093 2970 1102 3010; x_wconf 92' lang='lat' dir='ltr'>t</span> <span class='ocrx_word' id='word_1_273' title='bbox 1124 2965 1153 3016; x_wconf 76' lang='lat' dir='ltr'>ad</span> <span class='ocrx_word' id='word_1_274' title='bbox 1172 2967 1298 3014; x_wconf 76' lang='lat'>39231566</span> <span class='ocrx_word' id='word_1_275' title='bbox 1315 2959 1363 3005; x_wconf 81' lang='lat' dir='ltr'>aive</span> <span class='ocrx_word' id='word_1_276' title='bbox 1384 2965 1393 3007; x_wconf 94' lang='lat' dir='ltr'>l</span> <span class='ocrx_word' id='word_1_277' title='bbox 1413 2957 1443 3007; x_wconf 83' lang='lat' dir='ltr'>ad</span> 
     </span>
     <span class='ocr_line' id='line_1_27' title="bbox 162 3021 1443 3090; baseline 0.004 -18"><span class='ocrx_word' id='word_1_278' title='bbox 162 3025 272 3080; x_wconf 64' lang='lat' dir='ltr'>matoria,</span> <span class='ocrx_word' id='word_1_279' title='bbox 289 3025 344 3072; x_wconf 89' lang='lat' dir='ltr'>hinc</span> <span class='ocrx_word' id='word_1_280' title='bbox 354 3025 389 3072; x_wconf 83' lang='lat' dir='ltr'>ris</span> <span class='ocrx_word' id='word_1_281' title='bbox 399 3027 500 3086; x_wconf 86' lang='lat' dir='ltr'>corporis</span> <span class='ocrx_word' id='word_1_282' title='bbox 509 3026 582 3073; x_wconf 89' lang='lat' dir='ltr'>totius</span> <span class='ocrx_word' id='word_1_283' title='bbox 593 3041 621 3072; x_wconf 83' lang='lat' dir='ltr'>cr</span> <span class='ocrx_word' id='word_1_284' title='bbox 633 3023 720 3072; x_wconf 82' lang='lat' dir='ltr'>ritibus</span> <span class='ocrx_word' id='word_1_285' title='bbox 735 3039 787 3084; x_wconf 88' lang='lat' dir='ltr'>par·</span> <span class='ocrx_word' id='word_1_286' title='bbox 821 3025 949 3071; x_wconf 76' lang='lat'>40000000</span> <span class='ocrx_word' id='word_1_287' title='bbox 964 3024 1058 3084; x_wconf 84' lang='lat' dir='ltr'>circiter,</span> <span class='ocrx_word' id='word_1_288' title='bbox 1075 3042 1129 3090; x_wconf 75' lang='lat' dir='ltr'>quse</span> <span class='ocrx_word' id='word_1_289' title='bbox 1144 3029 1235 3076; x_wconf 84' lang='lat' dir='ltr'>tantilla</span> <span class='ocrx_word' id='word_1_290' title='bbox 1250 3025 1284 3071; x_wconf 74' lang='lat' dir='ltr'>vi!</span> <span class='ocrx_word' id='word_1_291' title='bbox 1299 3021 1378 3070; x_wconf 64' lang='grc'><strong>11111111</strong></span> <span class='ocrx_word' id='word_1_292' title='bbox 1395 3037 1443 3071; x_wconf 79' lang='grc'><strong>11011</strong></span> 
     </span>
     <span class='ocr_line' id='line_1_28' title="bbox 161 3088 901 3152; baseline -0.005 -16"><span class='ocrx_word' id='word_1_293' title='bbox 161 3088 221 3136; x_wconf 88' lang='lat' dir='ltr'>tium</span> <span class='ocrx_word' id='word_1_294' title='bbox 243 3089 432 3147; x_wconf 82' lang='lat' dir='ltr'>componentium</span> <span class='ocrx_word' id='word_1_295' title='bbox 453 3089 507 3135; x_wconf 88' lang='lat' dir='ltr'>oriri</span> <span class='ocrx_word' id='word_1_296' title='bbox 528 3088 627 3136; x_wconf 80' lang='lat' dir='ltr'>debebit.</span> <span class='ocrx_word' id='word_1_297' title='bbox 664 3089 688 3135; x_wconf 84' lang='lat' dir='ltr'>Si</span> <span class='ocrx_word' id='word_1_298' title='bbox 710 3090 787 3152; x_wconf 86' lang='lat' dir='ltr'>itaqua</span> <span class='ocrx_word' id='word_1_299' title='bbox 819 3094 901 3144; x_wconf 78' lang='lat' dir='ltr'>potest.</span> 
     </span>
     <span class='ocr_line' id='line_1_29' title="bbox 233 3149 1173 3262; baseline -0.002 -0.112"><span class='ocrx_word' id='word_1_300' title='bbox 233 3168 777 3262; x_wconf 56' lang='grc' dir='ltr'>,ιι</span> <span class='ocrx_word' id='word_1_301' title='bbox 819 3149 1173 3262; x_wconf 63' lang='grc' dir='ltr'><strong>(Μι1111</strong></span> 
     </span>
     <span class='ocr_line' id='line_1_30' title="bbox 161 3227 1416 3342; baseline 0 -17"><span class='ocrx_word' id='word_1_302' title='bbox 161 3231 260 3342; x_wconf 44' lang='lat' dir='ltr'>cam</span> <span class='ocrx_word' id='word_1_303' title='bbox 271 3277 358 3342; x_wconf 73' lang='lat' dir='ltr'>singuli</span> <span class='ocrx_word' id='word_1_304' title='bbox 369 3231 422 3326; x_wconf 62' lang='lat' dir='ltr'>sest}</span> <span class='ocrx_word' id='word_1_305' title='bbox 429 3231 622 3335; x_wconf 59' lang='lat' dir='ltr'>mullobmeoe,</span> <span class='ocrx_word' id='word_1_306' title='bbox 634 3289 658 3325; x_wconf 80' lang='lat' dir='ltr'>et</span> <span class='ocrx_word' id='word_1_307' title='bbox 670 3230 787 3326; x_wconf 58' lang='lat' dir='ltr'>ripcgrersi</span> <span class='ocrx_word' id='word_1_308' title='bbox 952 3230 980 3262; x_wconf 65' lang='grc' dir='ltr'>ω</span> <span class='ocrx_word' id='word_1_309' title='bbox 1018 3232 1042 3278; x_wconf 83' lang='lat' dir='ltr'>t&gt;¹</span> <span class='ocrx_word' id='word_1_310' title='bbox 1056 3227 1154 3278; x_wconf 55' lang='lat' dir='ltr'>mm</span> <span class='ocrx_word' id='word_1_311' title='bbox 1165 3233 1261 3280; x_wconf 60' lang='lat' dir='ltr'><strong><em>m</em></strong></span> <span class='ocrx_word' id='word_1_312' title='bbox 1345 3227 1416 3276; x_wconf 54' lang='lat' dir='ltr'>mm</span> 
     </span>
     <span class='ocr_line' id='line_1_31' title="bbox 162 3341 787 3405; baseline -0.002 -14"><span class='ocrx_word' id='word_1_313' title='bbox 162 3343 186 3391; x_wconf 86' lang='lat' dir='ltr'>si</span> <span class='ocrx_word' id='word_1_314' title='bbox 197 3358 282 3404; x_wconf 85' lang='lat' dir='ltr'>eorpus</span> <span class='ocrx_word' id='word_1_315' title='bbox 292 3341 360 3391; x_wconf 84' lang='lat' dir='ltr'>Joris</span> <span class='ocrx_word' id='word_1_316' title='bbox 369 3342 521 3390; x_wconf 76' lang='lat' dir='ltr'>resolveretur</span> <span class='ocrx_word' id='word_1_317' title='bbox 530 3343 556 3388; x_wconf 86' lang='lat' dir='ltr'>in</span> <span class='ocrx_word' id='word_1_318' title='bbox 566 3343 648 3405; x_wconf 78' lang='lat' dir='ltr'>globos</span> <span class='ocrx_word' id='word_1_319' title='bbox 658 3341 744 3402; x_wconf 75' lang='lat' dir='ltr'>plures,</span> <span class='ocrx_word' id='word_1_320' title='bbox 761 3342 787 3390; x_wconf 90' lang='lat' dir='ltr'>hi</span> 
     </span>
     <span class='ocr_line' id='line_1_32' title="bbox 161 3403 787 3518; baseline -0.002 -64"><span class='ocrx_word' id='word_1_321' title='bbox 161 3420 254 3518; x_wconf 55' lang='lat' dir='ltr'>ffiue</span> <span class='ocrx_word' id='word_1_322' title='bbox 269 3407 342 3470; x_wconf 77' lang='lat' dir='ltr'>globi,</span> <span class='ocrx_word' id='word_1_323' title='bbox 359 3405 485 3454; x_wconf 72' lang='lat' dir='ltr'>satellitum</span> <span class='ocrx_word' id='word_1_324' title='bbox 495 3406 574 3462; x_wconf 84' lang='lat' dir='ltr'>instar,</span> <span class='ocrx_word' id='word_1_325' title='bbox 586 3421 635 3454; x_wconf 83' lang='lat' dir='ltr'>sese</span> <span class='ocrx_word' id='word_1_326' title='bbox 645 3403 729 3454; x_wconf 75' lang='lat' dir='ltr'>mutuo</span> <span class='ocrx_word' id='word_1_327' title='bbox 741 3415 787 3453; x_wconf 87' lang='lat' dir='ltr'>tra·</span> 
     </span>
    </p>

    <p class='ocr_par' dir='ltr' id='par_1_7' title="bbox 232 3481 249 3518">
     <span class='ocr_line' id='line_1_33' title="bbox 232 3481 249 3518; baseline 0 0"><span class='ocrx_word' id='word_1_328' title='bbox 232 3481 249 3518; x_wconf 71' lang='lat' dir='ltr'>i·</span> 
     </span>
    </p>

    <p class='ocr_par' dir='ltr' id='par_1_8' title="bbox 161 3533 1490 4810">
     <span class='ocr_line' id='line_1_34' title="bbox 193 3533 787 3598; baseline -0.01 -14"><span class='ocrx_word' id='word_1_329' title='bbox 193 3537 231 3584; x_wconf 83' lang='grc'>67.</span> <span class='ocrx_word' id='word_1_330' title='bbox 253 3533 324 3583; x_wconf 87' lang='lat' dir='ltr'>Globi</span> <span class='ocrx_word' id='word_1_331' title='bbox 341 3534 456 3598; x_wconf 80' lang='lat' dir='ltr'>cujusque</span> <span class='ocrx_word' id='word_1_332' title='bbox 471 3533 506 3580; x_wconf 81' lang='lat' dir='ltr'>ris</span> <span class='ocrx_word' id='word_1_333' title='bbox 515 3533 621 3584; x_wconf 85' lang='lat' dir='ltr'>absoluta</span> <span class='ocrx_word' id='word_1_334' title='bbox 631 3541 666 3580; x_wconf 83' lang='lat' dir='ltr'>est</span> <span class='ocrx_word' id='word_1_335' title='bbox 677 3541 703 3580; x_wconf 88' lang='lat' dir='ltr'>ut</span> <span class='ocrx_word' id='word_1_336' title='bbox 713 3547 787 3595; x_wconf 86' lang='lat' dir='ltr'>quan-</span> 
     </span>
     <span class='ocr_line' id='line_1_35' title="bbox 162 3595 787 3661; baseline -0.005 -15"><span class='ocrx_word' id='word_1_337' title='bbox 162 3598 214 3646; x_wconf 81' lang='lat' dir='ltr'>titas</span> <span class='ocrx_word' id='word_1_338' title='bbox 222 3599 326 3647; x_wconf 65' lang='lat' dir='ltr'>materia</span> <span class='ocrx_word' id='word_1_339' title='bbox 336 3595 361 3646; x_wconf 87' lang='lat' dir='ltr'>in</span> <span class='ocrx_word' id='word_1_340' title='bbox 372 3597 454 3646; x_wconf 86' lang='lat' dir='ltr'>eodem</span> <span class='ocrx_word' id='word_1_341' title='bbox 465 3597 535 3661; x_wconf 77' lang='lat' dir='ltr'>globo</span> <span class='ocrx_word' id='word_1_342' title='bbox 544 3615 552 3654; x_wconf 68' lang='grc' dir='ltr'>ς</span> <span class='ocrx_word' id='word_1_343' title='bbox 568 3597 603 3644; x_wconf 85' lang='lat' dir='ltr'>rit</span> <span class='ocrx_word' id='word_1_344' title='bbox 613 3606 692 3644; x_wconf 83' lang='lat' dir='ltr'>autern</span> <span class='ocrx_word' id='word_1_345' title='bbox 702 3597 787 3644; x_wconf 74' lang='lat' dir='ltr'>motti:</span> 
     </span>
     <span class='ocr_line' id='line_1_36' title="bbox 161 3659 788 3726; baseline -0.003 -16"><span class='ocrx_word' id='word_1_346' title='bbox 161 3662 209 3724; x_wconf 70' lang='lat' dir='ltr'>(pti</span> <span class='ocrx_word' id='word_1_347' title='bbox 223 3663 307 3726; x_wconf 77' lang='lat' dir='ltr'>globus</span> <span class='ocrx_word' id='word_1_348' title='bbox 323 3662 484 3724; x_wconf 86' lang='lat' dir='ltr'>unusquisque</span> <span class='ocrx_word' id='word_1_349' title='bbox 495 3661 594 3708; x_wconf 82' lang='lat' dir='ltr'>trabitur</span> <span class='ocrx_word' id='word_1_350' title='bbox 604 3659 628 3706; x_wconf 93' lang='lat' dir='ltr'>in</span> <span class='ocrx_word' id='word_1_351' title='bbox 640 3661 747 3717; x_wconf 80' lang='lat' dir='ltr'>alterum,</span> <span class='ocrx_word' id='word_1_352' title='bbox 763 3669 788 3708; x_wconf 87' lang='lat' dir='ltr'>et</span> 
     </span>
     <span class='ocr_line' id='line_1_37' title="bbox 161 3724 787 3788; baseline -0.008 -12"><span class='ocrx_word' id='word_1_353' title='bbox 161 3740 214 3788; x_wconf 79' lang='lat' dir='ltr'>quat</span> <span class='ocrx_word' id='word_1_354' title='bbox 228 3725 337 3788; x_wconf 75' lang='lat' dir='ltr'>ponderis</span> <span class='ocrx_word' id='word_1_355' title='bbox 353 3727 448 3774; x_wconf 83' lang='lat' dir='ltr'>nomine</span> <span class='ocrx_word' id='word_1_356' title='bbox 462 3724 535 3788; x_wconf 75' lang='lat' dir='ltr'>uulgo</span> <span class='ocrx_word' id='word_1_357' title='bbox 551 3725 692 3788; x_wconf 70' lang='lat' dir='ltr'>designatur,</span> <span class='ocrx_word' id='word_1_358' title='bbox 710 3733 745 3770; x_wconf 86' lang='lat' dir='ltr'>est</span> <span class='ocrx_word' id='word_1_359' title='bbox 760 3732 787 3771; x_wconf 87' lang='lat' dir='ltr'>ut</span> 
     </span>
     <span class='ocr_line' id='line_1_38' title="bbox 162 3787 787 3852; baseline -0.003 -16"><span class='ocrx_word' id='word_1_360' title='bbox 162 3799 295 3838; x_wconf 75' lang='lat' dir='ltr'>coeuntem</span> <span class='ocrx_word' id='word_1_361' title='bbox 312 3791 356 3836; x_wconf 84' lang='lat' dir='ltr'>sub</span> <span class='ocrx_word' id='word_1_362' title='bbox 371 3787 539 3852; x_wconf 79' lang='lat' dir='ltr'>quantitatibus</span> <span class='ocrx_word' id='word_1_363' title='bbox 550 3789 654 3836; x_wconf 79' lang='lat' dir='ltr'>materiae</span> <span class='ocrx_word' id='word_1_364' title='bbox 669 3787 693 3834; x_wconf 85' lang='lat' dir='ltr'>ia</span> <span class='ocrx_word' id='word_1_365' title='bbox 711 3787 787 3850; x_wconf 77' lang='lat' dir='ltr'>globis</span> 
     </span>
     <span class='ocr_line' id='line_1_39' title="bbox 163 3850 785 3914; baseline -0.01 -13"><span class='ocrx_word' id='word_1_366' title='bbox 163 3852 254 3901; x_wconf 74' lang='lat' dir='ltr'>duobus</span> <span class='ocrx_word' id='word_1_367' title='bbox 266 3853 407 3914; x_wconf 83' lang='lat' dir='ltr'>applicatum</span> <span class='ocrx_word' id='word_1_368' title='bbox 424 3851 454 3900; x_wconf 86' lang='lat' dir='ltr'>ad</span> <span class='ocrx_word' id='word_1_369' title='bbox 484 3851 607 3900; x_wconf 75' lang='lat' dir='ltr'>uadnturn</span> <span class='ocrx_word' id='word_1_370' title='bbox 618 3851 734 3900; x_wconf 72' lang='lat' dir='ltr'>distantias</span> <span class='ocrx_word' id='word_1_371' title='bbox 750 3850 785 3896; x_wconf 88' lang='lat' dir='ltr'>in-</span> 
     </span>
     <span class='ocr_line' id='line_1_40' title="bbox 163 3915 773 3981; baseline -0.008 -16"><span class='ocrx_word' id='word_1_372' title='bbox 163 3924 199 3966; x_wconf 78' lang='lat' dir='ltr'>tat</span> <span class='ocrx_word' id='word_1_373' title='bbox 208 3927 285 3964; x_wconf 81' lang='lat' dir='ltr'>centra</span> <span class='ocrx_word' id='word_1_374' title='bbox 296 3922 348 3981; x_wconf 82' lang='lat' dir='ltr'>(per</span> <span class='ocrx_word' id='word_1_375' title='bbox 359 3919 414 3964; x_wconf 87' lang='lat' dir='ltr'>Cor·</span> <span class='ocrx_word' id='word_1_376' title='bbox 427 3923 449 3962; x_wconf 84' lang='lat' dir='ltr'>t.</span> <span class='ocrx_word' id='word_1_377' title='bbox 510 3931 533 3976; x_wconf 94' lang='lat' dir='ltr'>p.</span> <span class='ocrx_word' id='word_1_378' title='bbox 547 3915 673 3964; x_wconf 81' lang='lat' dir='ltr'>Lxxvt.</span> <span class='ocrx_word' id='word_1_379' title='bbox 688 3915 740 3962; x_wconf 86' lang='lat' dir='ltr'>Lib.</span> <span class='ocrx_word' id='word_1_380' title='bbox 753 3915 773 3962; x_wconf 93' lang='lat' dir='ltr'>l.</span> 
     </span>
     <span class='ocr_line' id='line_1_41' title="bbox 163 3977 730 4042; baseline -0.002 -16"><span class='ocrx_word' id='word_1_381' title='bbox 163 3987 188 4026; x_wconf 84' lang='lat' dir='ltr'>ct</span> <span class='ocrx_word' id='word_1_382' title='bbox 197 3979 252 4028; x_wconf 85' lang='lat' dir='ltr'>huic</span> <span class='ocrx_word' id='word_1_383' title='bbox 262 3980 284 4026; x_wconf 88' lang='lat' dir='ltr'>ri</span> <span class='ocrx_word' id='word_1_384' title='bbox 295 3979 471 4042; x_wconf 86' lang='lat' dir='ltr'>proportionalis</span> <span class='ocrx_word' id='word_1_385' title='bbox 481 3990 515 4028; x_wconf 87' lang='lat' dir='ltr'>ast</span> <span class='ocrx_word' id='word_1_386' title='bbox 525 3979 641 4042; x_wconf 84' lang='lat' dir='ltr'>quantitas</span> <span class='ocrx_word' id='word_1_387' title='bbox 651 3977 730 4026; x_wconf 76' lang='lat' dir='ltr'>motits</span> 
     </span>
     <span class='ocr_line' id='line_1_42' title="bbox 163 4039 786 4106; baseline -0.005 -16"><span class='ocrx_word' id='word_1_388' title='bbox 163 4043 249 4106; x_wconf 69' lang='lat' dir='ltr'>globos</span> <span class='ocrx_word' id='word_1_389' title='bbox 261 4054 301 4090; x_wconf 79' lang='lat' dir='ltr'>ute</span> <span class='ocrx_word' id='word_1_390' title='bbox 328 4059 360 4091; x_wconf 83' lang='lat' dir='ltr'>us</span> <span class='ocrx_word' id='word_1_391' title='bbox 372 4044 427 4092; x_wconf 83' lang='lat' dir='ltr'>dato</span> <span class='ocrx_word' id='word_1_392' title='bbox 437 4054 541 4104; x_wconf 73' lang='lat' dir='ltr'>tempore</span> <span class='ocrx_word' id='word_1_393' title='bbox 551 4043 682 4091; x_wconf 80' lang='lat' dir='ltr'>movebitur</span> <span class='ocrx_word' id='word_1_394' title='bbox 693 4039 717 4088; x_wconf 88' lang='lat' dir='ltr'>in</span> <span class='ocrx_word' id='word_1_395' title='bbox 728 4058 743 4089; x_wconf 84' lang='lat' dir='ltr'>a</span> <span class='ocrx_word' id='word_1_396' title='bbox 752 4051 786 4088; x_wconf 81' lang='lat' dir='ltr'>ts.</span> 
     </span>
     <span class='ocr_line' id='line_1_43' title="bbox 162 4059 787 4170; baseline -0.003 -16"><span class='ocrx_word' id='word_1_397' title='bbox 162 4121 218 4154; x_wconf 88' lang='lat' dir='ltr'>rum</span> <span class='ocrx_word' id='word_1_398' title='bbox 237 4059 396 4170; x_wconf 58' lang='lat' dir='ltr'>(nullut.</span> <span class='ocrx_word' id='word_1_399' title='bbox 411 4107 464 4156; x_wconf 83' lang='lat' dir='ltr'>Lib.</span> <span class='ocrx_word' id='word_1_400' title='bbox 480 4107 515 4169; x_wconf 89' lang='lat'>1.)</span> <span class='ocrx_word' id='word_1_401' title='bbox 533 4107 568 4154; x_wconf 79' lang='lat' dir='ltr'>ris</span> <span class='ocrx_word' id='word_1_402' title='bbox 579 4118 658 4155; x_wconf 85' lang='lat' dir='ltr'>autem</span> <span class='ocrx_word' id='word_1_403' title='bbox 674 4105 787 4154; x_wconf 79' lang='lat' dir='ltr'>accelera·</span> 
     </span>
     <span class='ocr_line' id='line_1_44' title="bbox 162 4169 786 4234; baseline -0.01 -14"><span class='ocrx_word' id='word_1_404' title='bbox 162 4170 209 4220; x_wconf 70' lang='lat' dir='ltr'>aix</span> <span class='ocrx_word' id='word_1_405' title='bbox 219 4169 267 4233; x_wconf 72' lang='lat' dir='ltr'>qui</span> <span class='ocrx_word' id='word_1_406' title='bbox 276 4171 359 4232; x_wconf 75' lang='lat' dir='ltr'>globus</span> <span class='ocrx_word' id='word_1_407' title='bbox 368 4171 527 4234; x_wconf 70' lang='lat' dir='ltr'>unuquisque</span> <span class='ocrx_word' id='word_1_408' title='bbox 538 4186 580 4231; x_wconf 90' lang='lat' dir='ltr'>pro</span> <span class='ocrx_word' id='word_1_409' title='bbox 588 4172 676 4219; x_wconf 84' lang='lat' dir='ltr'>ratione</span> <span class='ocrx_word' id='word_1_410' title='bbox 683 4169 786 4216; x_wconf 72' lang='lat' dir='ltr'>matuiar</span> 
     </span>
     <span class='ocr_line' id='line_1_45' title="bbox 161 4233 786 4297; baseline -0.002 -17"><span class='ocrx_word' id='word_1_411' title='bbox 161 4249 217 4297; x_wconf 81' lang='lat' dir='ltr'>quta</span> <span class='ocrx_word' id='word_1_412' title='bbox 233 4233 355 4282; x_wconf 74' lang='lat' dir='ltr'>attrabitur</span> <span class='ocrx_word' id='word_1_413' title='bbox 368 4234 394 4282; x_wconf 89' lang='lat' dir='ltr'>in</span> <span class='ocrx_word' id='word_1_414' title='bbox 405 4236 505 4282; x_wconf 82' lang='lat' dir='ltr'>altarum</span> <span class='ocrx_word' id='word_1_415' title='bbox 519 4244 554 4282; x_wconf 85' lang='lat' dir='ltr'>est</span> <span class='ocrx_word' id='word_1_416' title='bbox 570 4245 598 4283; x_wconf 86' lang='lat' dir='ltr'>ut</span> <span class='ocrx_word' id='word_1_417' title='bbox 609 4234 726 4296; x_wconf 74' lang='lat' dir='ltr'>quantitas</span> <span class='ocrx_word' id='word_1_418' title='bbox 736 4247 786 4280; x_wconf 84' lang='lat' dir='ltr'>ma-</span> 
     </span>
     <span class='ocr_line' id='line_1_46' title="bbox 161 4297 786 4361; baseline -0.003 -15"><span class='ocrx_word' id='word_1_419' title='bbox 161 4299 227 4346; x_wconf 67' lang='lat' dir='ltr'>sat·</span> <span class='ocrx_word' id='word_1_420' title='bbox 244 4297 271 4344; x_wconf 87' lang='lat' dir='ltr'>itt</span> <span class='ocrx_word' id='word_1_421' title='bbox 288 4298 359 4361; x_wconf 76' lang='lat' dir='ltr'>globo</span> <span class='ocrx_word' id='word_1_422' title='bbox 375 4299 446 4346; x_wconf 84' lang='lat' dir='ltr'>altero</span> <span class='ocrx_word' id='word_1_423' title='bbox 463 4297 578 4361; x_wconf 80' lang='lat' dir='ltr'>applicata</span> <span class='ocrx_word' id='word_1_424' title='bbox 595 4297 626 4345; x_wconf 81' lang='lat' dir='ltr'>ad</span> <span class='ocrx_word' id='word_1_425' title='bbox 646 4297 786 4361; x_wconf 84' lang='lat' dir='ltr'>quadratum</span> 
     </span>
     <span class='ocr_line' id='line_1_47' title="bbox 162 4360 783 4426; baseline -0.01 -14"><span class='ocrx_word' id='word_1_426' title='bbox 162 4361 279 4412; x_wconf 72' lang='lat' dir='ltr'>rttsantt·</span> <span class='ocrx_word' id='word_1_427' title='bbox 305 4361 365 4407; x_wconf 79' lang='lat' dir='ltr'>inter</span> <span class='ocrx_word' id='word_1_428' title='bbox 390 4372 467 4410; x_wconf 79' lang='lat' dir='ltr'>centm</span> <span class='ocrx_word' id='word_1_429' title='bbox 499 4365 551 4426; x_wconf 83' lang='lat' dir='ltr'>(per</span> <span class='ocrx_word' id='word_1_430' title='bbox 579 4363 634 4410; x_wconf 90' lang='lat' dir='ltr'>Cor.</span> <span class='ocrx_word' id='word_1_431' title='bbox 663 4367 684 4408; x_wconf 74' lang='lat'>9.</span> <span class='ocrx_word' id='word_1_432' title='bbox 713 4360 783 4420; x_wconf 82' lang='lat' dir='ltr'>Prop.</span> 
     </span>
     <span class='ocr_line' id='line_1_48' title="bbox 163 4424 787 4488; baseline -0.01 -12"><span class='ocrx_word' id='word_1_433' title='bbox 163 4425 294 4476; x_wconf 83' lang='lat' dir='ltr'>Lxxvt.</span> <span class='ocrx_word' id='word_1_434' title='bbox 313 4425 367 4472; x_wconf 85' lang='lat' dir='ltr'>Lib.</span> <span class='ocrx_word' id='word_1_435' title='bbox 379 4425 410 4485; x_wconf 93' lang='lat' dir='ltr'>l.)</span> <span class='ocrx_word' id='word_1_436' title='bbox 426 4435 450 4473; x_wconf 81' lang='lat' dir='ltr'>et</span> <span class='ocrx_word' id='word_1_437' title='bbox 463 4427 518 4474; x_wconf 87' lang='lat' dir='ltr'>huic</span> <span class='ocrx_word' id='word_1_438' title='bbox 528 4427 550 4474; x_wconf 79' lang='lat' dir='ltr'>ri</span> <span class='ocrx_word' id='word_1_439' title='bbox 560 4424 738 4488; x_wconf 84' lang='lat' dir='ltr'>proporticpalis</span> <span class='ocrx_word' id='word_1_440' title='bbox 752 4433 787 4470; x_wconf 86' lang='lat' dir='ltr'>est</span> 
     </span>
     <span class='ocr_line' id='line_1_49' title="bbox 162 4487 787 4552; baseline -0.01 -12"><span class='ocrx_word' id='word_1_441' title='bbox 162 4490 272 4540; x_wconf 82' lang='lat' dir='ltr'>velocitas</span> <span class='ocrx_word' id='word_1_442' title='bbox 282 4487 330 4552; x_wconf 74' lang='lat' dir='ltr'>qui</span> <span class='ocrx_word' id='word_1_443' title='bbox 343 4487 428 4549; x_wconf 73' lang='lat' dir='ltr'>gisum</span> <span class='ocrx_word' id='word_1_444' title='bbox 437 4499 545 4538; x_wconf 64' lang='lat' dir='ltr'>abactas</span> <span class='ocrx_word' id='word_1_445' title='bbox 556 4489 611 4537; x_wconf 88' lang='lat' dir='ltr'>dato</span> <span class='ocrx_word' id='word_1_446' title='bbox 621 4499 724 4550; x_wconf 83' lang='lat' dir='ltr'>tempore</span> <span class='ocrx_word' id='word_1_447' title='bbox 735 4503 787 4535; x_wconf 90' lang='lat' dir='ltr'>mo·</span> 
     </span>
     <span class='ocr_line' id='line_1_50' title="bbox 162 4545 1490 4616; baseline -0.002 -14"><span class='ocrx_word' id='word_1_448' title='bbox 162 4553 401 4602; x_wconf 69' lang='lat' dir='ltr'>rebiturinaltrrum</span> <span class='ocrx_word' id='word_1_449' title='bbox 413 4553 481 4616; x_wconf 70' lang='lat' dir='ltr'>&lt;uss</span> <span class='ocrx_word' id='word_1_450' title='bbox 496 4553 686 4614; x_wconf 81' lang='lat' dir='ltr'>vt1.1.tb.1.).</span> <span class='ocrx_word' id='word_1_451' title='bbox 722 4551 788 4599; x_wconf 84' lang='lat' dir='ltr'>Hinc</span> <span class='ocrx_word' id='word_1_452' title='bbox 820 4545 1062 4609; x_wconf 79' lang='lat' dir='ltr'>effecmsptotlucant</span> <span class='ocrx_word' id='word_1_453' title='bbox 1098 4545 1134 4594; x_wconf 86' lang='lat' dir='ltr'>Sit</span> <span class='ocrx_word' id='word_1_454' title='bbox 1151 4546 1215 4594; x_wconf 84' lang='lat' dir='ltr'>enim</span> <span class='ocrx_word' id='word_1_455' title='bbox 1232 4547 1256 4595; x_wconf 80' lang='grc' dir='ltr'><strong>Ε</strong></span> <span class='ocrx_word' id='word_1_456' title='bbox 1268 4548 1299 4598; x_wconf 88' lang='grc' dir='ltr'><strong>Μ</strong></span> <span class='ocrx_word' id='word_1_457' title='bbox 1310 4551 1336 4598; x_wconf 88' lang='lat' dir='ltr'>N</span> <span class='ocrx_word' id='word_1_458' title='bbox 1346 4551 1370 4600; x_wconf 78' lang='lat' dir='ltr'>lt</span> <span class='ocrx_word' id='word_1_459' title='bbox 1389 4553 1444 4604; x_wconf 72' lang='grc' dir='ltr'>Τει-</span> <span class='ocrx_word' id='word_1_460' title='bbox 1485 4595 1490 4602; x_wconf 85' lang='grc'><strong>,</strong></span> 
     </span>
     <span class='ocr_line' id='line_1_51' title="bbox 164 4610 1446 4736; baseline -0.002 -72"><span class='ocrx_word' id='word_1_461' title='bbox 164 4633 289 4729; x_wconf 53' lang='lat' dir='ltr'>omum</span> <span class='ocrx_word' id='word_1_462' title='bbox 301 4616 520 4736; x_wconf 48' lang='lat' dir='ltr'>Pliflffiqffim</span> <span class='ocrx_word' id='word_1_463' title='bbox 529 4618 595 4696; x_wconf 65' lang='lat' dir='ltr'>inter</span> <span class='ocrx_word' id='word_1_464' title='bbox 607 4633 631 4664; x_wconf 84' lang='lat' dir='ltr'>aa</span> <span class='ocrx_word' id='word_1_465' title='bbox 646 4627 743 4728; x_wconf 54' lang='lat' dir='ltr'>pofsuut</span> <span class='ocrx_word' id='word_1_466' title='bbox 754 4615 789 4727; x_wconf 58' lang='lat' dir='ltr'>{a-</span> <span class='ocrx_word' id='word_1_467' title='bbox 820 4613 1061 4726; x_wconf 44' lang='lat' dir='ltr'>qnosfncujuxenuqqttt</span> <span class='ocrx_word' id='word_1_468' title='bbox 1072 4610 1103 4722; x_wconf 61' lang='lat' dir='ltr'>‘cb</span> <span class='ocrx_word' id='word_1_469' title='bbox 1111 4622 1294 4724; x_wconf 53' lang='lat' dir='ltr'>mqpeuqqenstur</span> <span class='ocrx_word' id='word_1_470' title='bbox 1303 4617 1446 4730; x_wconf 37' lang='lat' dir='ltr'>spiraha-et</span> 
     </span>
     <span class='ocr_line' id='line_1_52' title="bbox 163 4689 1449 4810; baseline 0.001 -16"><span class='ocrx_word' id='word_1_471' title='bbox 163 4697 212 4794; x_wconf 71' lang='lat' dir='ltr'>lius</span> <span class='ocrx_word' id='word_1_472' title='bbox 230 4693 464 4810; x_wconf 41' lang='lat' dir='ltr'>“mmmm</span> <span class='ocrx_word' id='word_1_473' title='bbox 483 4694 541 4793; x_wconf 62' lang='lat' dir='ltr'>:illl</span> <span class='ocrx_word' id='word_1_474' title='bbox 551 4691 656 4806; x_wconf 53' lang='lat' dir='ltr'>m</span> <span class='ocrx_word' id='word_1_475' title='bbox 668 4695 790 4800; x_wconf 54' lang='grc' dir='ltr'><strong>ιέιῖιιίζ</strong></span> <span class='ocrx_word' id='word_1_476' title='bbox 824 4693 924 4796; x_wconf 55' lang='grc' dir='ltr'><strong>Ιιιοοοὲῗ</strong></span> <span class='ocrx_word' id='word_1_477' title='bbox 936 4710 1028 4790; x_wconf 81' lang='lat' dir='ltr'>sublato</span> <span class='ocrx_word' id='word_1_478' title='bbox 1037 4689 1333 4804; x_wconf 51' lang='lat' dir='ltr'>ommrplqpfflmqqqed</span> <span class='ocrx_word' id='word_1_479' title='bbox 1342 4697 1449 4794; x_wconf 52' lang='lat' dir='ltr'>blumii</span> 
     </span>
    </p>
   </div>
   <div class='ocr_carea' id='block_1_4' title="bbox 0 0 1788 5872">
    <p class='ocr_par' dir='ltr' id='par_1_9' title="bbox 0 0 1788 5872">
     <span class='ocr_line' id='line_1_53' title="bbox 0 0 1788 5872; baseline 0 0"><span class='ocrx_word' id='word_1_480' title='bbox 0 0 1788 5872; x_wconf 95' lang='lat' dir='ltr'> </span> 
     </span>
    </p>
   </div>
  </div>
 </body>
</html>
