3568 5872
343 551 363 606 s
644 536 984 608 enumaoennu
1005 535 1276 644 saturnus
1319 535 1392 618 [aa
1407 535 1507 606 uun
1520 539 1614 610 erar.

383 709 609 797 Elougatiouas·
619 709 784 778 satellitum
799 709 887 776 Jovis
900 720 932 776 et
944 708 1131 776 &meum
1144 709 1265 796 ejunxi)
1281 709 1395 776 Poaud
1408 710 1614 778 micrometrir

340 816 465 900 optimis
486 815 701 884 deteminarit
720 827 762 882 ut.
777 816 925 902 sequitur.
969 816 1017 900 (¹²)
1029 814 1208 902 brengario
1232 816 1370 882 maxirna
1393 816 1615 884 hebooenaiea

340 920 479 990 satellitis
488 921 593 1006 quarti·
601 944 624 986 a
636 933 754 990 muno.
762 921 850 986 Jovis
863 922 1061 990 micromctro
1074 922 1108 986 in
1121 923 1199 988 tubo
1213 923 1391 1008 quindecim
1405 924 1502 1010 pedes
1514 925 1610 1013 longo

343 1043 435 1114 capta
453 1030 520 1120 init,
543 1043 576 1096 et
594 1030 715 1116 prodiit
728 1031 763 1096 in
780 1030 931 1098 mediocri
944 1030 1031 1098 Joris
1045 1054 1065 1095 a
1079 1029 1180 1096 Terrd
1195 1030 1339 1098 disuntiri
1355 1033 1393 1098 θ’.
1412 1036 1468 1098 16”
1483 1033 1613 1098 circiter.

273 1148 277 1154 '
342 1136 391 1202 Ea
405 1136 542 1200 satellitis
556 1136 638 1202 tertii
652 1136 851 1202 micromctro
864 1137 897 1199 in
913 1135 1079 1221 teleaeopio
1092 1137 1189 1221 pedes
1206 1145 1267 1202 12³
1281 1138 1377 1225 longo
1391 1151 1482 1223 capta
1498 1137 1565 1217 fuit,
1580 1152 1614 1204 et

331 1245 457 1343 prodiit
470 1245 503 1308 in
518 1245 626 1312 eidem
639 1245 726 1312 iovis
739 1268 760 1310 a
773 1243 873 1310 'reret
888 1243 1035 1310 distantii
1050 1250 1089 1310 t'.
1105 1247 1175 1310 42¹2
1221 1245 1443 1334 Elongationes
1466 1247 1614 1312 maxime

341 1353 530 1440 reliquorum
552 1353 715 1444 satellimm
735 1355 769 1416 in
784 1352 901 1418 eidem
923 1351 1010 1418 Jovts
1029 1375 1051 1418 a
1071 1351 1172 1420 Terrd
1194 1352 1338 1420 distamii
1358 1375 1399 1418 ex
1420 1355 1630 1437 temporibus·

292 1466 296 1475 '
341 1459 506 1544 periodicis
521 1460 677 1544 prodeunt
691 1462 730 1522 ἵ.
746 1463 814 1524 56”.
829 1461 907 1535 17”’,
923 1470 956 1521 et
972 1462 1007 1522 1'.
1023 1460 1092 1524 51't
1109 1463 1164 1525 6”’.

376 1567 833 1635 DiameterJorismierometro
842 1565 875 1629 in
884 1565 1051 1651 telescopio
1058 1567 1153 1651 pedes
1162 1565 1321 1652 ltsslongo
1330 1565 1613 1650 saepiusceptasuit,

342 1679 382 1764 (¹²)
392 1691 424 1744 et
438 1679 478 1744 ad
488 1679 676 1768 mediocrem
690 1675 776 1742 Jovis
791 1697 811 1740 a
826 1674 900 1740 Sole
912 1675 962 1738 vel
973 1673 1073 1739 Terei
1089 1675 1265 1740 distantiam
1276 1673 1412 1750 reducta,
1426 1693 1547 1757 semper
1555 1675 1615 1738 mi-

341 1781 703 1871 norprodiitqudmto'ss
714 1802 872 1868 nunquam
881 1781 984 1844 minor
994 1778 1087 1866 quim
1099 1783 1167 1856 88¹²,
1178 1782 1291 1865 saepins
1302 1781 1371 1845 89“.
1393 1779 1616 1866 Intelesoopiis

330 1891 532 1956 'brevioribus
546 1890 615 1956 lraec
629 1891 779 1957 diameter
792 1900 840 1956 est
853 1893 910 1954 to‘
926 1889 975 1952 vel
990 1892 1059 1952 41⁸.
1097 1890 1134 1974 (⁰)
1151 1890 1233 1972 Nam
1244 1890 1300 1953 lux
1310 1889 1396 1954 ‚lovis
1407 1911 1464 1974 per
1477 1889 1616 1978 inaequa·

374 2055 493 2120 (⁸)ra·
512 2059 633 2134 Hesperio
646 2049 961 2106 marimeteliecrvstrt'm'aa-
1025 2053 1138 2120 (051·
1152 2056 1533 2106 Etadraedr'acremdom'andais.
1563 2055 1617 2104 Da·

342 2119 421 2166 tellitis
431 2119 456 2166 in
466 2117 650 2170 mediomJoria
659 2137 675 2168 a
684 2119 739 2168 Sole
749 2117 858 2168 diamndd
868 2119 963 2181 aqualia
993 2127 1032 2168 tur
1047 2118 1130 2180 positio
1145 2119 1213 2166 linea
1227 2119 1299 2167 dueta
1313 2121 1343 2166 ab
1358 2119 1428 2166 ocula
1441 2118 1574 2180 spectatoris
1584 2119 1616 2168 ad

341 2309 405 2356 ertim
417 2311 440 2357 A
452 2311 475 2358 B
487 2310 510 2370 R
523 2311 547 2360 G
560 2309 636 2360 orbita
645 2309 720 2366 Jovia,
733 2307 774 2358 aot
784 2307 845 2363 ins.
859 2309 882 2355 A
893 2309 964 2370 apbe·
994 2307 1025 2356 ad
1037 2308 1114 2357 Solem
1126 2309 1180 2373 (17)
1192 2309 1274 2358 eodem
1288 2309 1486 2374 temporepunde
1496 2309 1563 2358 dacrr
1573 2323 1617 2356 arr·

994 2371 1066 2434 gutlur
1084 2371 1121 2420 bia
1136 2373 1229 2420 duabus
1245 2373 1313 2420 lineis
1326 2373 1474 2432 interceptus,
1493 2389 1534 2420 reu
1551 2371 1617 2420 elon-

635 2437 667 2495 Α
994 2434 1159 2496 gatioJoviaa
1171 2435 1232 2484 Sole.
1256 2437 1357 2496 Insuper
1367 2435 1442 2491 damr,
1453 2436 1617 2495 pertireoriam

994 2497 1067 2553 Joris,
1079 2498 1145 2546 loeus
1155 2499 1207 2560 ejus
1216 2500 1240 2546 in
1252 2498 1344 2570 propn'i
1353 2498 1434 2554 orbiti,
1449 2508 1474 2546 et
1484 2497 1537 2546 idad
1547 2509 1618 2548 narra

995 2570 1030 2612 eat
1044 2561 1151 2625 angulus,
1160 2577 1231 2624 quem
1247 2561 1445 2622 cmnprebeaduet
1457 2561 1512 2610 duas
1522 2563 1591 2610 linea
1601 2578 1617 2612 a

995 2635 1075 2674 centm
1092 2625 1153 2672 Solis
1168 2625 1245 2674 dueta
1255 2624 1285 2674 ad
1294 2626 1379 2675 Jovem
1391 2635 1414 2674 et
1424 2623 1454 2674 ad
1467 2625 1562 2674 Terram
1574 2641 1617 2678 tea

990 2687 1091 2736 oculum
1109 2690 1265 2738 observatoris.
1312 2688 1343 2736 In
1362 2689 1421 2736 trian
1455 2689 1480 2736 1ο
1497 2689 1570 2751 igitur
1587 2703 1618 2738 er

996 2752 1070 2800 tribua
1079 2751 1126 2800 illia
1135 2751 1203 2800 lineis
1213 2753 1275 2802 iacto
1285 2753 1353 2816 cujus
1362 2768 1427 2815 ango
1436 2769 1464 2800 us
1474 2768 1537 2800 unus
1547 2762 1583 2800 eat
1592 2753 1618 2800 in

995 2815 1065 2864 oculo
1080 2818 1212 2876 spectatoris
1226 2833 1268 2864 teu
1283 2817 1308 2864 in
1326 2815 1407 2874 Terra,
1423 2815 1517 2865 alteria
1530 2815 1619 2864 Soieet

996 2880 1078 2926 tertius
1087 2879 1191 2938 isidore,
1208 2880 1293 2928 darrtur
1303 2879 1384 2943 angarii
1394 2894 1481 2934 omues,
1499 2889 1523 2928 et
1533 2877 1618 2930 eaindd

996 2940 1064 2990 datm
1080 2943 1139 2991 ratio
1154 2943 1252 2990 laterum
1268 2959 1310 2991 aeu
1325 2944 1384 2991 ratio
1399 2943 1514 2992 (11500110
1524 2942 1591 2994 Jovir
1603 2958 1619 2991 a

998 3005 1053 3053 Sole
1062 3005 1093 3054 ad
1103 3005 1234 3056 dimanbam
1242 3006 1333 3056 Joriaa
1344 3005 1418 3056 Terri
1428 3017 1530 3068 tempore
1540 3007 1619 3054 obser-

996 3069 1101 3118 vationis.
1137 3071 1215 3119 Datur
1231 3068 1292 3128 verb,
1314 3087 1356 3132 per
1374 3071 1485 3118 theoriam
1503 3069 1570 3120 Jovia
1589 3084 1618 3118 ex

997 3133 1191 3183 observationibus
1199 3133 1355 3192 constitutam,
1364 3135 1421 3182 ratio
1430 3133 1545 3182 distantiae
1552 3132 1619 3183 Jovia

996 3213 1012 3244 a
1021 3197 1075 3246 Sele
1085 3207 1188 3260 tempere
1195 3199 1358 3246 observationis
1365 3197 1394 3246 ad
1406 3199 1478 3259 ipsius
1485 3197 1618 3245 distantim

997 3259 1137 3310 mediocrem
1153 3277 1168 3310 a
1186 3262 1239 3310 Sole
1255 3261 1291 3310 rel
1309 3278 1324 3310 a
1340 3261 1419 3310 Terrd.
1457 3262 1537 3317 Quare
1551 3261 1620 3310 datur

997 3325 1056 3374 rstio
1072 3323 1185 3374 damnas
1200 3325 1266 3374 Jovia
1281 3341 1296 3373 a
1312 3323 1385 3373 Ter-ri
1400 3335 1503 3386 tempore
1513 3327 1618 3373 observa·

998 3387 1068 3436 donia
1078 3388 1108 3436 ad
1118 3387 1249 3436 distantiam
1260 3390 1311 3464 ejus
1321 3389 1461 3436 mediocrem
1472 3405 1486 3437 a
1496 3387 1550 3437 Sole
1560 3387 1619 3436 vela

999 3451 1078 3502 Tent
1115 3451 1161 3500 Sed
1177 3452 1282 3502 diametri
1297 3461 1430 3512 apparentes
1446 3452 1512 3501 Jovir
1522 3468 1535 3498 e
1544 3449 1619 3500 'ferri

997 3517 1041 3564 riri
1059 3525 1114 3564 stant
1130 3516 1189 3564 inter
1207 3532 1232 3564 re
1247 3515 1335 3564 invent
1351 3525 1379 3564 ut
1393 3515 1509 3574 dismntie
1524 3515 1590 3567 Jovis
1604 3532 1619 3564 a

999 3577 1080 3638 Terrt,
1097 3579 1189 3628 dabitur
1204 3580 1281 3642 itaque
1296 3579 1354 3628 ratio
1370 3579 1475 3628 diametri
1489 3579 1619 3640 apparentia

998 3654 1100 3706 tempore
1111 3644 1273 3692 observationis
1284 3644 1313 3692 ad
1324 3643 1461 3691 diametrum
1470 3653 1618 3704 apparentem

998 3707 1023 3754 in
1034 3705 1144 3755 mediocri
1154 3705 1263 3756 distantid
1273 3708 1338 3759 Joris
1348 3724 1364 3756 a
1375 3706 1447 3756 Terrir
1457 3707 1494 3755 vel
1507 3707 1568 3755 Sole.

1043 3771 1054 3794 ο
1341 3775 1346 3786 Ι

1003 3771 1065 3882 vi?
1081 3769 1617 3897 it'ttttttttttttttritt

999 3897 1086 3974 invertit
1102 3899 1172 3975 quod,
1188 3899 1207 3946 si
1220 3914 1247 3974 er
1262 3908 1349 3960 puncto
1358 3898 1437 3974 lucido
1444 3898 1473 3974 in
1483 3913 1549 3946 arem
1557 3896 1617 3972 ‘tele-

631 4023 659 4074 ι»
999 3962 1618 4089 tmffirdttmtfflttffit

999 4089 1070 4139 tincta
1086 4099 1109 4138 et
1126 4089 1223 4138 minima
1241 4091 1311 4153 hujus
1328 4088 1409 4150 puncti
1427 4091 1505 4170 imago
1521 4089 1546 4136 in
1564 4087 1617 4137 vitri

345 4151 404 4202 lium
421 4151 494 4206 ioris,
512 4149 534 4198 P
549 4147 695 4210 pen'helium,
713 4149 736 4200 Τ
753 4151 830 4207 Terra,
847 4149 892 4200 erit
912 4152 934 4200 A
950 4151 967 4202 8
998 4154 1051 4200 roeo
1069 4152 1165 4215 depicta.
1184 4163 1219 4202 eat
1235 4153 1343 4212 menius,
1360 4169 1407 4202 aon
1428 4169 1482 4202 vero
1503 4163 1618 4214 punctum

346 4215 447 4264 maxima
463 4213 571 4276 ditantia
589 4213 656 4261 Jovia
674 4230 688 4261 a
707 4213 767 4272 Sola,
786 4215 966 4275 SPminima3
999 4225 1026 4262 ut
1046 4231 1095 4264 ame
1115 4216 1214 4275 deberet,
1240 4219 1345 4266 obstante
1365 4215 1475 4266 nimirum
1497 4233 1545 4265 non
1565 4227 1618 4265 tau-

349 4281 372 4326 A
386 4275 472 4328 Trerd
482 4275 583 4325 maxima
594 4275 701 4325 distantia
712 4279 778 4328 Jorir
789 4294 803 4326 a
815 4276 895 4336 Tarrd,
912 4279 933 4326 P
945 4279 967 4328 T
998 4288 1050 4328 tum
1076 4279 1128 4328 vitri
1151 4281 1310 4340 spbardcitate,
1337 4280 1379 4328 sed
1401 4279 1517 4343 precipuis
1542 4281 1618 4328 rrdio·

346 4342 450 4400 minima,
462 4351 487 4388 et
497 4339 549 4389 ided
559 4341 681 4388 mediocria
691 4341 800 4390 distantia
810 4341 900 4392 Joviaa
913 4341 966 4392 Sole
997 4358 1052 4390 rum
1068 4342 1075 4356 ⁹
1129 4343 1175 4390 uali
1190 4343 1379 4419 refrangibilitate
1395 4344 1442 4408 qud
1456 4346 1497 4393 lux
1515 4361 1542 4393 ea
1559 4344 1607 4392 dile
1634 4387 1639 4394 .

346 4403 417 4468 reu}
432 4407 454 4452 A
468 4403 552 4468 t>=t
565 4408 587 4453 A
600 4407 655 4470 8-1-
667 4403 748 4468 §SE
760 4405 967 4456 etmediocrirdie
998 4413 1068 4458 tatur.
1144 4421 1182 4456 am
1208 4408 1234 4455 in
1254 4418 1313 4456 vitro
1334 4407 1408 4468 plano
1425 4423 1527 4457 convexo
1550 4408 1616 4468 cujus

347 4467 591 4518 tantiaJorisnTerri
599 4467 664 4532 erit}
678 4467 899 4534 AT÷4TP=4
912 4469 968 4518 ΑΡ.
999 4467 1131 4518 convexitas
1151 4481 1238 4532 puncto
1257 4471 1335 4522 lucido
1351 4473 1483 4530 obvertitur,
1504 4471 1619 4532 cu'ueque

350 4531 430 4586 Quare
436 4533 489 4579 dure
496 4531 541 4578 illm
548 4533 672 4581 mediocres
679 4532 792 4580 distantia
799 4531 965 4609 runtdqunlea.
998 4533 1137 4593 apherieitaa
1160 4533 1298 4584 diametrum
1325 4535 1393 4584 babet
1424 4541 1468 4584 100
1493 4549 1508 4596 p
1574 4548 1616 4580 reu

348 4593 446 4658 idebque
461 4595 619 4658 elongationes
637 4597 744 4643 maxims
759 4595 926 4646 beliocentrreoe
943 4607 967 4646 et
1001 4603 1063 4645 1000
1078 4597 1143 4662 digit.
1157 4607 1263 4658 apertura
1273 4596 1354 4646 verde
1369 4599 1431 4664 digit
1448 4597 1558 4644 diameter
1572 4595 1617 4644 cir·

348 4659 498 4720 peacentricre
513 4659 539 4705 in
554 4657 707 4710 mediocribus
722 4661 768 4709 illis
783 4659 896 4710 distantiis
912 4671 968 4710 sunt
997 4660 1101 4724 celliqui
1112 4677 1140 4708 ex
1152 4662 1203 4709 vitri
1219 4662 1371 4724 apherieitate
1386 4663 1456 4710 oritur
1474 4659 1617 4709 eritaddia-

347 4721 416 4769 etiam
428 4721 533 4786 equales·
999 4735 1100 4776 menum
1129 4725 1233 4792 eusdem
1266 4725 1352 4776 circelli
1380 4722 1481 4776 maxime
1514 4723 1616 4774 distincti
