<?xml version="1.0" encoding="UTF-8"?>
<!DOCTYPE html PUBLIC "-//W3C//DTD XHTML 1.0 Transitional//EN"
    "http://www.w3.org/TR/xhtml1/DTD/xhtml1-transitional.dtd">
<html xmlns="http://www.w3.org/1999/xhtml" xml:lang="en" lang="en">
 <head>
  <title>
</title>
<meta http-equiv="Content-Type" content="text/html;charset=utf-8" />
  <meta name='ocr-system' content='tesseract 3.04.00' />
  <meta name='ocr-capabilities' content='ocr_page ocr_carea ocr_par ocr_line ocrx_word'/>
</head>
<body>
  <div class='ocr_page' id='page_1' title='image "./philosophinatur03wriggoog_0071.png"; bbox 0 0 3568 5872; ppageno 0'>
   <div class='ocr_carea' id='block_1_1' title="bbox 319 557 1600 644">
    <p class='ocr_par' dir='ltr' id='par_1_1' title="bbox 319 557 1600 644">
     <span class='ocr_line' id='line_1_1' title="bbox 319 557 1600 644; baseline -0.009 -9"><span class='ocrx_word' id='word_1_1' title='bbox 319 577 361 636; x_wconf 73' lang='lat'><strong>24</strong></span> <span class='ocrx_word' id='word_1_2' title='bbox 623 561 963 634; x_wconf 84' lang='lat' dir='ltr'><strong>PHILOSOPHIAE</strong></span> <span class='ocrx_word' id='word_1_3' title='bbox 983 557 1255 638; x_wconf 78' lang='lat' dir='ltr'>NATURALIS</span> <span class='ocrx_word' id='word_1_4' title='bbox 1287 560 1359 644; x_wconf 82' lang='lat' dir='ltr'><strong>[Dr</strong></span> <span class='ocrx_word' id='word_1_5' title='bbox 1371 561 1493 628; x_wconf 79' lang='lat' dir='ltr'><strong>Mum).</strong></span> <span class='ocrx_word' id='word_1_6' title='bbox 1507 561 1600 628; x_wconf 81' lang='lat' dir='ltr'><strong>Susr.</strong></span> 
     </span>
    </p>
   </div>
   <div class='ocr_carea' id='block_1_2' title="bbox 600 842 1324 913">
    <p class='ocr_par' dir='ltr' id='par_1_2' title="bbox 600 842 1324 913">
     <span class='ocr_line' id='line_1_2' title="bbox 600 842 1324 913; baseline -0.001 -2"><span class='ocrx_word' id='word_1_7' title='bbox 600 842 883 912; x_wconf 90' lang='lat' dir='ltr'><strong>PROPOSITIO</strong></span> <span class='ocrx_word' id='word_1_8' title='bbox 906 845 945 908; x_wconf 93' lang='lat' dir='ltr'><strong>V.</strong></span> <span class='ocrx_word' id='word_1_9' title='bbox 989 843 1261 913; x_wconf 85' lang='lat' dir='ltr'><strong>THEOREMA</strong></span> <span class='ocrx_word' id='word_1_10' title='bbox 1283 845 1324 910; x_wconf 87' lang='lat' dir='ltr'><strong>V.</strong></span> 
     </span>
    </p>
   </div>
   <div class='ocr_carea' id='block_1_3' title="bbox 320 1095 1601 1392">
    <p class='ocr_par' dir='ltr' id='par_1_3' title="bbox 320 1095 1601 1392">
     <span class='ocr_line' id='line_1_3' title="bbox 320 1095 1598 1180; baseline 0.002 -19"><span class='ocrx_word' id='word_1_11' title='bbox 320 1098 468 1162; x_wconf 68' lang='lat' dir='ltr'><strong>Haedus</strong></span> <span class='ocrx_word' id='word_1_12' title='bbox 489 1095 720 1178; x_wconf 79' lang='lat' dir='ltr'><strong>cirmmjooioles</strong></span> <span class='ocrx_word' id='word_1_13' title='bbox 737 1096 896 1177; x_wconf 79' lang='lat' dir='ltr'><strong>graviture</strong></span> <span class='ocrx_word' id='word_1_14' title='bbox 915 1097 948 1157; x_wconf 86' lang='lat' dir='ltr'><strong>s&#39;n</strong></span> <span class='ocrx_word' id='word_1_15' title='bbox 964 1095 1076 1172; x_wconf 79' lang='lat' dir='ltr'><strong>Jooem,</strong></span> <span class='ocrx_word' id='word_1_16' title='bbox 1099 1099 1359 1162; x_wconf 80' lang='lat' dir='ltr'><strong>cirurosotarnios</strong></span> <span class='ocrx_word' id='word_1_17' title='bbox 1380 1099 1414 1161; x_wconf 82' lang='lat' dir='ltr'><strong>in</strong></span> <span class='ocrx_word' id='word_1_18' title='bbox 1428 1099 1598 1180; x_wconf 58' lang='lat' dir='ltr'><strong>Quaere</strong></span> 
     </span>
     <span class='ocr_line' id='line_1_4' title="bbox 363 1200 1601 1286; baseline 0.005 -20"><span class='ocrx_word' id='word_1_19' title='bbox 363 1213 394 1267; x_wconf 81' lang='lat' dir='ltr'><strong>et</strong></span> <span class='ocrx_word' id='word_1_20' title='bbox 406 1203 625 1266; x_wconf 76' lang='lat' dir='ltr'><strong>circumcolores</strong></span> <span class='ocrx_word' id='word_1_21' title='bbox 644 1203 678 1264; x_wconf 82' lang='lat' dir='ltr'><strong>irs</strong></span> <span class='ocrx_word' id='word_1_22' title='bbox 703 1200 808 1277; x_wconf 81' lang='lat' dir='ltr'><strong>Solem,</strong></span> <span class='ocrx_word' id='word_1_23' title='bbox 829 1210 859 1263; x_wconf 85' lang='lat' dir='ltr'><strong>et</strong></span> <span class='ocrx_word' id='word_1_24' title='bbox 879 1202 911 1264; x_wconf 85' lang='lat' dir='ltr'><strong>ui</strong></span> <span class='ocrx_word' id='word_1_25' title='bbox 931 1203 1097 1284; x_wconf 72' lang='lat' dir='ltr'><strong>gromtatis</strong></span> <span class='ocrx_word' id='word_1_26' title='bbox 1112 1223 1174 1267; x_wconf 67' lang='lat' dir='ltr'><strong>surr</strong></span> <span class='ocrx_word' id='word_1_27' title='bbox 1186 1205 1304 1267; x_wconf 72' lang='lat' dir='ltr'><strong>retrahi</strong></span> <span class='ocrx_word' id='word_1_28' title='bbox 1317 1225 1430 1286; x_wconf 83' lang='lat' dir='ltr'><strong>semper</strong></span> <span class='ocrx_word' id='word_1_29' title='bbox 1443 1227 1464 1268; x_wconf 86' lang='lat' dir='ltr'><em>a</em></span> <span class='ocrx_word' id='word_1_30' title='bbox 1477 1208 1601 1273; x_wconf 76' lang='lat' dir='ltr'><strong>motibus</strong></span> 
     </span>
     <span class='ocr_line' id='line_1_5' title="bbox 361 1311 1093 1392; baseline -0.003 -14"><span class='ocrx_word' id='word_1_31' title='bbox 361 1317 533 1392; x_wconf 76' lang='lat' dir='ltr'><strong>rectilineis,</strong></span> <span class='ocrx_word' id='word_1_32' title='bbox 550 1323 580 1377; x_wconf 83' lang='lat' dir='ltr'><strong>et</strong></span> <span class='ocrx_word' id='word_1_33' title='bbox 593 1315 627 1376; x_wconf 79' lang='lat' dir='ltr'><strong>in</strong></span> <span class='ocrx_word' id='word_1_34' title='bbox 641 1311 759 1375; x_wconf 76' lang='lat' dir='ltr'><em>orbibus</em></span> <span class='ocrx_word' id='word_1_35' title='bbox 771 1311 944 1376; x_wconf 73' lang='lat' dir='ltr'><strong>muoilioeis</strong></span> <span class='ocrx_word' id='word_1_36' title='bbox 956 1315 1093 1376; x_wconf 80' lang='lat' dir='ltr'><strong>retineri.</strong></span> 
     </span>
    </p>
   </div>
   <div class='ocr_carea' id='block_1_4' title="bbox 316 1555 1602 2074">
    <p class='ocr_par' dir='ltr' id='par_1_4' title="bbox 316 1555 1602 2074">
     <span class='ocr_line' id='line_1_6' title="bbox 364 1555 1600 1644; baseline -0.003 -18"><span class='ocrx_word' id='word_1_37' title='bbox 364 1561 448 1626; x_wconf 82' lang='lat' dir='ltr'><strong>Nam</strong></span> <span class='ocrx_word' id='word_1_38' title='bbox 467 1557 674 1626; x_wconf 80' lang='lat' dir='ltr'><strong>revolutiones</strong></span> <span class='ocrx_word' id='word_1_39' title='bbox 693 1557 889 1644; x_wconf 80' lang='lat' dir='ltr'><strong>plmreturum</strong></span> <span class='ocrx_word' id='word_1_40' title='bbox 903 1557 1179 1644; x_wconf 91' lang='lat' dir='ltr'><strong>circumjovialium</strong></span> <span class='ocrx_word' id='word_1_41' title='bbox 1194 1557 1275 1620; x_wconf 87' lang='lat' dir='ltr'><strong>circu</strong></span> <span class='ocrx_word' id='word_1_42' title='bbox 1290 1555 1411 1634; x_wconf 86' lang='lat' dir='ltr'><strong>Jovem,</strong></span> <span class='ocrx_word' id='word_1_43' title='bbox 1434 1557 1600 1622; x_wconf 90' lang='lat' dir='ltr'><strong>circumsa-</strong></span> 
     </span>
     <span class='ocr_line' id='line_1_7' title="bbox 318 1665 1601 1752; baseline -0.002 -19"><span class='ocrx_word' id='word_1_44' title='bbox 318 1669 493 1735; x_wconf 89' lang='lat' dir='ltr'><strong>turniorum</strong></span> <span class='ocrx_word' id='word_1_45' title='bbox 507 1668 590 1742; x_wconf 89' lang='lat' dir='ltr'><strong>circa</strong></span> <span class='ocrx_word' id='word_1_46' title='bbox 604 1667 782 1744; x_wconf 83' lang='lat' dir='ltr'><strong>Saturnum,</strong></span> <span class='ocrx_word' id='word_1_47' title='bbox 798 1679 831 1730; x_wconf 87' lang='lat' dir='ltr'><strong>et</strong></span> <span class='ocrx_word' id='word_1_48' title='bbox 842 1666 995 1731; x_wconf 86' lang='lat' dir='ltr'>Mercurii</span> <span class='ocrx_word' id='word_1_49' title='bbox 1005 1689 1042 1732; x_wconf 89' lang='lat' dir='ltr'><strong>ac</strong></span> <span class='ocrx_word' id='word_1_50' title='bbox 1054 1667 1186 1731; x_wconf 89' lang='lat' dir='ltr'><strong>Veneris</strong></span> <span class='ocrx_word' id='word_1_51' title='bbox 1203 1665 1454 1752; x_wconf 89' lang='lat' dir='ltr'><strong>reliquorumque</strong></span> <span class='ocrx_word' id='word_1_52' title='bbox 1470 1667 1601 1730; x_wconf 89' lang='lat' dir='ltr'><strong>circum-</strong></span> 
     </span>
     <span class='ocr_line' id='line_1_8' title="bbox 318 1764 1600 1860; baseline -0.002 -20"><span class='ocrx_word' id='word_1_53' title='bbox 318 1775 465 1840; x_wconf 85' lang='lat' dir='ltr'><strong>solarium</strong></span> <span class='ocrx_word' id='word_1_54' title='bbox 482 1775 565 1838; x_wconf 81' lang='lat' dir='ltr'><strong>circo</strong></span> <span class='ocrx_word' id='word_1_55' title='bbox 582 1773 697 1851; x_wconf 85' lang='lat' dir='ltr'><strong>Solem,</strong></span> <span class='ocrx_word' id='word_1_56' title='bbox 721 1785 792 1838; x_wconf 92' lang='lat' dir='ltr'><strong>sunt</strong></span> <span class='ocrx_word' id='word_1_57' title='bbox 806 1773 1013 1858; x_wconf 85' lang='lat' dir='ltr'><strong>phaenomena</strong></span> <span class='ocrx_word' id='word_1_58' title='bbox 1027 1764 1166 1858; x_wconf 86' lang='lat' dir='ltr'><strong>ejusdem</strong></span> <span class='ocrx_word' id='word_1_59' title='bbox 1180 1773 1304 1860; x_wconf 86' lang='lat' dir='ltr'><strong>generis</strong></span> <span class='ocrx_word' id='word_1_60' title='bbox 1320 1793 1392 1836; x_wconf 90' lang='lat' dir='ltr'><strong>cum</strong></span> <span class='ocrx_word' id='word_1_61' title='bbox 1405 1772 1600 1838; x_wconf 81' lang='lat' dir='ltr'>revolutione</span> 
     </span>
     <span class='ocr_line' id='line_1_9' title="bbox 318 1879 1602 1967; baseline -0.002 -21"><span class='ocrx_word' id='word_1_62' title='bbox 318 1882 420 1946; x_wconf 85' lang='lat' dir='ltr'><strong>Lunae</strong></span> <span class='ocrx_word' id='word_1_63' title='bbox 444 1881 526 1946; x_wconf 87' lang='lat' dir='ltr'><strong>circa</strong></span> <span class='ocrx_word' id='word_1_64' title='bbox 551 1880 702 1957; x_wconf 85' lang='lat' dir='ltr'><strong>Terram,</strong></span> <span class='ocrx_word' id='word_1_65' title='bbox 743 1893 774 1944; x_wconf 89' lang='lat' dir='ltr'><strong>et</strong></span> <span class='ocrx_word' id='word_1_66' title='bbox 796 1893 963 1966; x_wconf 79' lang='lat' dir='ltr'><strong>propterea</strong></span> <span class='ocrx_word' id='word_1_67' title='bbox 994 1883 1073 1965; x_wconf 81' lang='lat' dir='ltr'><strong>(per.</strong></span> <span class='ocrx_word' id='word_1_68' title='bbox 1106 1880 1185 1967; x_wconf 76' lang='lat' dir='ltr'><strong>neg.</strong></span> <span class='ocrx_word' id='word_1_69' title='bbox 1211 1881 1274 1960; x_wconf 91' lang='lat'>11.)</span> <span class='ocrx_word' id='word_1_70' title='bbox 1299 1902 1318 1942; x_wconf 90' lang='lat' dir='ltr'><strong>a</strong></span> <span class='ocrx_word' id='word_1_71' title='bbox 1343 1879 1442 1942; x_wconf 91' lang='lat' dir='ltr'><strong>causis</strong></span> <span class='ocrx_word' id='word_1_72' title='bbox 1465 1880 1602 1965; x_wconf 90' lang='lat' dir='ltr'><strong>ejusdem</strong></span> 
     </span>
     <span class='ocr_line' id='line_1_10' title="bbox 316 1982 1600 2074; baseline -0.002 -24"><span class='ocrx_word' id='word_1_73' title='bbox 316 1987 440 2074; x_wconf 83' lang='lat' dir='ltr'><strong>generis</strong></span> <span class='ocrx_word' id='word_1_74' title='bbox 461 1985 657 2071; x_wconf 86' lang='lat' dir='ltr'><strong>dependent:</strong></span> <span class='ocrx_word' id='word_1_75' title='bbox 680 1985 855 2071; x_wconf 82' lang='lat' dir='ltr'><strong>praesertim</strong></span> <span class='ocrx_word' id='word_1_76' title='bbox 877 1982 948 2049; x_wconf 80' lang='lat' dir='ltr'><strong>ciun</strong></span> <span class='ocrx_word' id='word_1_77' title='bbox 970 1984 1216 2048; x_wconf 82' lang='lat' dir='ltr'><strong>demonstratum</strong></span> <span class='ocrx_word' id='word_1_78' title='bbox 1231 1984 1271 2048; x_wconf 91' lang='lat' dir='ltr'><strong>sit</strong></span> <span class='ocrx_word' id='word_1_79' title='bbox 1285 1983 1371 2070; x_wconf 91' lang='lat' dir='ltr'><strong>quod</strong></span> <span class='ocrx_word' id='word_1_80' title='bbox 1384 1984 1475 2062; x_wconf 87' lang='lat' dir='ltr'><strong>vires,</strong></span> <span class='ocrx_word' id='word_1_81' title='bbox 1498 2007 1518 2047; x_wconf 83' lang='lat' dir='ltr'><strong>a</strong></span> <span class='ocrx_word' id='word_1_82' title='bbox 1531 1987 1600 2071; x_wconf 83' lang='lat' dir='ltr'><strong>qui·</strong></span> 
     </span>
    </p>
   </div>
   <div class='ocr_carea' id='block_1_5' title="bbox 317 2093 1662 2180">
    <p class='ocr_par' dir='ltr' id='par_1_5' title="bbox 317 2093 1662 2180">
     <span class='ocr_line' id='line_1_11' title="bbox 317 2093 1662 2180; baseline -0.001 -22"><span class='ocrx_word' id='word_1_83' title='bbox 317 2095 376 2158; x_wconf 93' lang='lat' dir='ltr'><strong>bus</strong></span> <span class='ocrx_word' id='word_1_84' title='bbox 391 2095 597 2160; x_wconf 84' lang='lat' dir='ltr'><strong>revolutiones</strong></span> <span class='ocrx_word' id='word_1_85' title='bbox 612 2094 675 2158; x_wconf 85' lang='lat' dir='ltr'><strong>illae</strong></span> <span class='ocrx_word' id='word_1_86' title='bbox 689 2094 877 2180; x_wconf 89' lang='lat' dir='ltr'><strong>dependent,</strong></span> <span class='ocrx_word' id='word_1_87' title='bbox 893 2093 1061 2179; x_wconf 87' lang='lat' dir='ltr'><strong>respicient</strong></span> <span class='ocrx_word' id='word_1_88' title='bbox 1075 2105 1182 2158; x_wconf 88' lang='lat' dir='ltr'><strong>centra</strong></span> <span class='ocrx_word' id='word_1_89' title='bbox 1195 2093 1293 2172; x_wconf 87' lang='lat' dir='ltr'><strong>Jovis,</strong></span> <span class='ocrx_word' id='word_1_90' title='bbox 1311 2094 1438 2159; x_wconf 84' lang='lat' dir='ltr'>Saturni</span> <span class='ocrx_word' id='word_1_91' title='bbox 1451 2116 1487 2157; x_wconf 86' lang='lat' dir='ltr'><strong>ac</strong></span> <span class='ocrx_word' id='word_1_92' title='bbox 1505 2094 1598 2172; x_wconf 89' lang='lat' dir='ltr'><strong>Solis,</strong></span> <span class='ocrx_word' id='word_1_93' title='bbox 1651 2095 1662 2116; x_wconf 85' lang='lat'><em>&#39;</em></span> 
     </span>
    </p>
   </div>
   <div class='ocr_carea' id='block_1_6' title="bbox 229 2199 1617 3470">
    <p class='ocr_par' dir='ltr' id='par_1_6' title="bbox 315 2199 1595 2397">
     <span class='ocr_line' id='line_1_12' title="bbox 315 2199 1595 2288; baseline 0.001 -25"><span class='ocrx_word' id='word_1_94' title='bbox 315 2213 347 2263; x_wconf 89' lang='lat' dir='ltr'><strong>et</strong></span> <span class='ocrx_word' id='word_1_95' title='bbox 361 2200 534 2264; x_wconf 87' lang='lat' dir='ltr'><strong>recedendo</strong></span> <span class='ocrx_word' id='word_1_96' title='bbox 556 2225 575 2264; x_wconf 86' lang='lat' dir='ltr'><strong>a</strong></span> <span class='ocrx_word' id='word_1_97' title='bbox 595 2200 684 2278; x_wconf 85' lang='lat' dir='ltr'><strong>Jove,</strong></span> <span class='ocrx_word' id='word_1_98' title='bbox 711 2201 847 2265; x_wconf 80' lang='lat' dir='ltr'><strong>Saturno</strong></span> <span class='ocrx_word' id='word_1_99' title='bbox 861 2212 893 2264; x_wconf 88' lang='lat' dir='ltr'><strong>et</strong></span> <span class='ocrx_word' id='word_1_100' title='bbox 909 2199 991 2278; x_wconf 87' lang='lat' dir='ltr'><strong>Sole,</strong></span> <span class='ocrx_word' id='word_1_101' title='bbox 1008 2200 1189 2266; x_wconf 88' lang='lat' dir='ltr'><strong>decrescant</strong></span> <span class='ocrx_word' id='word_1_102' title='bbox 1198 2199 1312 2264; x_wconf 83' lang='lat' dir='ltr'><strong>&#39;eidem</strong></span> <span class='ocrx_word' id='word_1_103' title='bbox 1326 2201 1448 2264; x_wconf 82' lang='lat' dir='ltr'><strong>ratione</strong></span> <span class='ocrx_word' id='word_1_104' title='bbox 1463 2223 1500 2264; x_wconf 80' lang='lat' dir='ltr'><strong>ec</strong></span> <span class='ocrx_word' id='word_1_105' title='bbox 1513 2201 1595 2288; x_wconf 87' lang='lat' dir='ltr'><strong>lege,</strong></span> 
     </span>
     <span class='ocr_line' id='line_1_13' title="bbox 315 2307 1122 2397; baseline 0.005 -27"><span class='ocrx_word' id='word_1_106' title='bbox 315 2307 376 2393; x_wconf 74' lang='lat' dir='ltr'><strong>qui</strong></span> <span class='ocrx_word' id='word_1_107' title='bbox 392 2309 439 2373; x_wconf 89' lang='lat' dir='ltr'><strong>vis</strong></span> <span class='ocrx_word' id='word_1_108' title='bbox 455 2311 615 2397; x_wconf 82' lang='lat' dir='ltr'><strong>gravitatis</strong></span> <span class='ocrx_word' id='word_1_109' title='bbox 629 2309 780 2374; x_wconf 83' lang='lat' dir='ltr'><strong>decrescit</strong></span> <span class='ocrx_word' id='word_1_110' title='bbox 793 2310 826 2372; x_wconf 91' lang='lat' dir='ltr'><strong>in</strong></span> <span class='ocrx_word' id='word_1_111' title='bbox 840 2330 963 2372; x_wconf 87' lang='lat' dir='ltr'><strong>recessu</strong></span> <span class='ocrx_word' id='word_1_112' title='bbox 978 2333 997 2372; x_wconf 83' lang='lat' dir='ltr'><strong>a</strong></span> <span class='ocrx_word' id='word_1_113' title='bbox 1011 2308 1122 2374; x_wconf 80' lang='lat' dir='ltr'><strong>Terri.</strong></span> 
     </span>
    </p>

    <p class='ocr_par' dir='ltr' id='par_1_7' title="bbox 229 2413 1603 2933">
     <span class='ocr_line' id='line_1_14' title="bbox 366 2413 1602 2502; baseline 0.001 -22"><span class='ocrx_word' id='word_1_114' title='bbox 366 2415 466 2480; x_wconf 81' lang='lat' dir='ltr'><strong>Gorol.</strong></span> <span class='ocrx_word' id='word_1_115' title='bbox 484 2423 512 2478; x_wconf 90' lang='lat'><strong>1.</strong></span> <span class='ocrx_word' id='word_1_116' title='bbox 546 2417 584 2498; x_wconf 87' lang='lat'><strong>(⁰)</strong></span> <span class='ocrx_word' id='word_1_117' title='bbox 602 2413 747 2478; x_wconf 77' lang='lat' dir='ltr'><strong>Gravitas</strong></span> <span class='ocrx_word' id='word_1_118' title='bbox 761 2415 858 2502; x_wconf 84' lang='lat' dir='ltr'><strong>igitur</strong></span> <span class='ocrx_word' id='word_1_119' title='bbox 871 2414 964 2478; x_wconf 88' lang='lat' dir='ltr'><strong>datur</strong></span> <span class='ocrx_word' id='word_1_120' title='bbox 979 2416 1013 2477; x_wconf 92' lang='lat' dir='ltr'><strong>in</strong></span> <span class='ocrx_word' id='word_1_121' title='bbox 1026 2416 1167 2499; x_wconf 82' lang='lat' dir='ltr'><strong>planetes</strong></span> <span class='ocrx_word' id='word_1_122' title='bbox 1182 2416 1352 2480; x_wconf 85' lang='lat' dir='ltr'><strong>universos.</strong></span> <span class='ocrx_word' id='word_1_123' title='bbox 1399 2416 1483 2480; x_wconf 88' lang='lat' dir='ltr'><strong>Nam</strong></span> <span class='ocrx_word' id='word_1_124' title='bbox 1498 2417 1602 2482; x_wconf 88' lang='lat' dir='ltr'><strong>Vene-</strong></span> 
     </span>
     <span class='ocr_line' id='line_1_15' title="bbox 314 2521 1603 2612; baseline 0.005 -29"><span class='ocrx_word' id='word_1_125' title='bbox 314 2543 392 2598; x_wconf 85' lang='lat' dir='ltr'><strong>rem,</strong></span> <span class='ocrx_word' id='word_1_126' title='bbox 418 2521 624 2599; x_wconf 85' lang='lat' dir='ltr'><strong>Mercurium,</strong></span> <span class='ocrx_word' id='word_1_127' title='bbox 647 2533 838 2608; x_wconf 74' lang='lat' dir='ltr'><strong>ceterosque</strong></span> <span class='ocrx_word' id='word_1_128' title='bbox 861 2543 928 2585; x_wconf 86' lang='lat' dir='ltr'><strong>esse</strong></span> <span class='ocrx_word' id='word_1_129' title='bbox 950 2542 1082 2606; x_wconf 89' lang='lat' dir='ltr'><strong>corpora</strong></span> <span class='ocrx_word' id='word_1_130' title='bbox 1097 2521 1235 2607; x_wconf 86' lang='lat' dir='ltr'><strong>ejusdem</strong></span> <span class='ocrx_word' id='word_1_131' title='bbox 1249 2521 1374 2612; x_wconf 83' lang='lat' dir='ltr'><strong>generis</strong></span> <span class='ocrx_word' id='word_1_132' title='bbox 1389 2545 1462 2588; x_wconf 88' lang='lat' dir='ltr'><strong>cum</strong></span> <span class='ocrx_word' id='word_1_133' title='bbox 1477 2523 1556 2592; x_wconf 85' lang='lat' dir='ltr'><strong>Jove</strong></span> <span class='ocrx_word' id='word_1_134' title='bbox 1571 2536 1603 2590; x_wconf 88' lang='lat' dir='ltr'><strong>et</strong></span> 
     </span>
     <span class='ocr_line' id='line_1_16' title="bbox 229 2625 1601 2722; baseline 0.007 -31"><span class='ocrx_word' id='word_1_135' title='bbox 229 2643 234 2658; x_wconf 95' lang='grc'><strong><em>·</em></strong></span> <span class='ocrx_word' id='word_1_136' title='bbox 318 2627 463 2705; x_wconf 87' lang='lat' dir='ltr'><strong>Saturno,</strong></span> <span class='ocrx_word' id='word_1_137' title='bbox 489 2650 583 2692; x_wconf 84' lang='lat' dir='ltr'><strong>nemo</strong></span> <span class='ocrx_word' id='word_1_138' title='bbox 607 2628 738 2694; x_wconf 81' lang='lat' dir='ltr'><strong>dubitat</strong></span> <span class='ocrx_word' id='word_1_139' title='bbox 784 2629 826 2694; x_wconf 87' lang='lat' dir='ltr'><strong>Et</strong></span> <span class='ocrx_word' id='word_1_140' title='bbox 847 2625 921 2693; x_wconf 80' lang='lat' dir='ltr'><strong>crim</strong></span> <span class='ocrx_word' id='word_1_141' title='bbox 942 2631 1085 2694; x_wconf 78' lang='lat' dir='ltr'><strong>attractio</strong></span> <span class='ocrx_word' id='word_1_142' title='bbox 1107 2630 1207 2695; x_wconf 88' lang='lat' dir='ltr'><strong>onmis</strong></span> <span class='ocrx_word' id='word_1_143' title='bbox 1226 2653 1284 2716; x_wconf 90' lang='lat' dir='ltr'><strong>per</strong></span> <span class='ocrx_word' id='word_1_144' title='bbox 1297 2632 1402 2698; x_wconf 74' lang='lat' dir='ltr'><strong>motuis</strong></span> <span class='ocrx_word' id='word_1_145' title='bbox 1422 2633 1523 2722; x_wconf 83' lang='lat' dir='ltr'><strong>legem</strong></span> <span class='ocrx_word' id='word_1_146' title='bbox 1538 2647 1601 2700; x_wconf 84' lang='lat' dir='ltr'><strong>ter-</strong></span> 
     </span>
     <span class='ocr_line' id='line_1_17' title="bbox 316 2737 1602 2822; baseline 0.006 -23"><span class='ocrx_word' id='word_1_147' title='bbox 316 2737 391 2799; x_wconf 81' lang='lat' dir='ltr'><strong>tiam</strong></span> <span class='ocrx_word' id='word_1_148' title='bbox 398 2747 515 2800; x_wconf 86' lang='lat' dir='ltr'><strong>mutua</strong></span> <span class='ocrx_word' id='word_1_149' title='bbox 528 2738 576 2815; x_wconf 89' lang='lat' dir='ltr'><strong>sit,</strong></span> <span class='ocrx_word' id='word_1_150' title='bbox 592 2737 716 2822; x_wconf 82' lang='lat' dir='ltr'><strong>Jupiter</strong></span> <span class='ocrx_word' id='word_1_151' title='bbox 735 2738 769 2801; x_wconf 91' lang='lat' dir='ltr'><strong>in</strong></span> <span class='ocrx_word' id='word_1_152' title='bbox 785 2737 931 2801; x_wconf 84' lang='lat' dir='ltr'><strong>satellites</strong></span> <span class='ocrx_word' id='word_1_153' title='bbox 946 2759 1018 2802; x_wconf 89' lang='lat' dir='ltr'><strong>suos</strong></span> <span class='ocrx_word' id='word_1_154' title='bbox 1033 2760 1151 2818; x_wconf 90' lang='lat' dir='ltr'><strong>omnes,</strong></span> <span class='ocrx_word' id='word_1_155' title='bbox 1171 2741 1322 2804; x_wconf 82' lang='lat' dir='ltr'><strong>Saturnus</strong></span> <span class='ocrx_word' id='word_1_156' title='bbox 1339 2741 1372 2802; x_wconf 89' lang='lat' dir='ltr'><strong>in</strong></span> <span class='ocrx_word' id='word_1_157' title='bbox 1387 2762 1470 2820; x_wconf 88' lang='lat' dir='ltr'><strong>suos,</strong></span> <span class='ocrx_word' id='word_1_158' title='bbox 1485 2739 1602 2807; x_wconf 86' lang='lat' dir='ltr'><strong>Terru-</strong></span> 
     </span>
     <span class='ocr_line' id='line_1_18' title="bbox 317 2841 1387 2933; baseline 0.004 -27"><span class='ocrx_word' id='word_1_159' title='bbox 317 2843 425 2930; x_wconf 90' lang='lat' dir='ltr'><strong>quein</strong></span> <span class='ocrx_word' id='word_1_160' title='bbox 441 2841 574 2922; x_wconf 86' lang='lat' dir='ltr'><strong>Lunam,</strong></span> <span class='ocrx_word' id='word_1_161' title='bbox 592 2855 623 2908; x_wconf 91' lang='lat' dir='ltr'><strong>et</strong></span> <span class='ocrx_word' id='word_1_162' title='bbox 639 2844 694 2909; x_wconf 90' lang='lat' dir='ltr'><strong>Sol</strong></span> <span class='ocrx_word' id='word_1_163' title='bbox 708 2846 742 2907; x_wconf 90' lang='lat' dir='ltr'><strong>in</strong></span> <span class='ocrx_word' id='word_1_164' title='bbox 755 2843 896 2929; x_wconf 83' lang='lat' dir='ltr'><strong>planetus</strong></span> <span class='ocrx_word' id='word_1_165' title='bbox 911 2865 1019 2908; x_wconf 88' lang='lat' dir='ltr'><strong>omnes</strong></span> <span class='ocrx_word' id='word_1_166' title='bbox 1035 2845 1198 2928; x_wconf 89' lang='lat' dir='ltr'><strong>primarios</strong></span> <span class='ocrx_word' id='word_1_167' title='bbox 1212 2847 1387 2933; x_wconf 79' lang='lat' dir='ltr'><strong>gravitabit.</strong></span> 
     </span>
    </p>

    <p class='ocr_par' dir='ltr' id='par_1_8' title="bbox 317 2925 1617 3145">
     <span class='ocr_line' id='line_1_19' title="bbox 362 2925 1617 3042; baseline 0.003 -26"><span class='ocrx_word' id='word_1_168' title='bbox 362 2954 460 3016; x_wconf 84' lang='lat' dir='ltr'><strong>Corol.</strong></span> <span class='ocrx_word' id='word_1_169' title='bbox 476 2962 507 3017; x_wconf 70' lang='lat'><strong>2.</strong></span> <span class='ocrx_word' id='word_1_170' title='bbox 552 2955 591 3038; x_wconf 69' lang='grc' dir='ltr'><strong>(Ρ)</strong></span> <span class='ocrx_word' id='word_1_171' title='bbox 616 2953 822 3030; x_wconf 88' lang='lat' dir='ltr'><strong>Gravitatem,</strong></span> <span class='ocrx_word' id='word_1_172' title='bbox 846 2975 919 3038; x_wconf 82' lang='lat' dir='ltr'><strong>quae</strong></span> <span class='ocrx_word' id='word_1_173' title='bbox 935 2953 1093 3038; x_wconf 79' lang='lat' dir='ltr'><strong>plmretum</strong></span> <span class='ocrx_word' id='word_1_174' title='bbox 1108 2976 1361 3040; x_wconf 87' lang='lat' dir='ltr'><strong>unumquemque</strong></span> <span class='ocrx_word' id='word_1_175' title='bbox 1376 2956 1511 3042; x_wconf 83' lang='lat' dir='ltr'><strong>respicit,</strong></span> <span class='ocrx_word' id='word_1_176' title='bbox 1534 2925 1617 3020; x_wconf 46' lang='lat' dir='ltr'><strong>esse*</strong></span> 
     </span>
     <span class='ocr_line' id='line_1_20' title="bbox 317 3057 1356 3145; baseline 0.004 -25"><span class='ocrx_word' id='word_1_177' title='bbox 317 3057 474 3143; x_wconf 72' lang='lat' dir='ltr'><strong>reciproci</strong></span> <span class='ocrx_word' id='word_1_178' title='bbox 491 3072 526 3124; x_wconf 89' lang='lat' dir='ltr'><strong>ut</strong></span> <span class='ocrx_word' id='word_1_179' title='bbox 542 3061 727 3145; x_wconf 74' lang='lat' dir='ltr'><strong>quadratum</strong></span> <span class='ocrx_word' id='word_1_180' title='bbox 743 3060 897 3124; x_wconf 78' lang='lat' dir='ltr'><strong>dismntiae</strong></span> <span class='ocrx_word' id='word_1_181' title='bbox 913 3059 1054 3124; x_wconf 88' lang='lat' dir='ltr'><strong>locorum</strong></span> <span class='ocrx_word' id='word_1_182' title='bbox 1073 3061 1113 3123; x_wconf 88' lang='lat' dir='ltr'><strong>ab</strong></span> <span class='ocrx_word' id='word_1_183' title='bbox 1127 3061 1223 3145; x_wconf 89' lang='lat' dir='ltr'><strong>ipsius</strong></span> <span class='ocrx_word' id='word_1_184' title='bbox 1240 3074 1356 3126; x_wconf 87' lang='lat' dir='ltr'><strong>centro.</strong></span> 
     </span>
    </p>

    <p class='ocr_par' dir='ltr' id='par_1_9' title="bbox 316 3167 1602 3470">
     <span class='ocr_line' id='line_1_21' title="bbox 363 3167 1600 3256; baseline 0.003 -24"><span class='ocrx_word' id='word_1_185' title='bbox 363 3167 463 3232; x_wconf 85' lang='lat' dir='ltr'><strong>Coroi.</strong></span> <span class='ocrx_word' id='word_1_186' title='bbox 481 3177 510 3233; x_wconf 82' lang='lat'><strong>8.</strong></span> <span class='ocrx_word' id='word_1_187' title='bbox 542 3169 663 3234; x_wconf 88' lang='lat' dir='ltr'><strong>Graves</strong></span> <span class='ocrx_word' id='word_1_188' title='bbox 686 3180 759 3234; x_wconf 90' lang='lat' dir='ltr'><strong>sunt</strong></span> <span class='ocrx_word' id='word_1_189' title='bbox 780 3169 914 3254; x_wconf 78' lang='lat' dir='ltr'><strong>planetae</strong></span> <span class='ocrx_word' id='word_1_190' title='bbox 936 3191 1043 3234; x_wconf 84' lang='lat' dir='ltr'><strong>omnes</strong></span> <span class='ocrx_word' id='word_1_191' title='bbox 1063 3170 1096 3233; x_wconf 91' lang='lat' dir='ltr'><strong>in</strong></span> <span class='ocrx_word' id='word_1_192' title='bbox 1111 3191 1144 3234; x_wconf 91' lang='lat' dir='ltr'><strong>se</strong></span> <span class='ocrx_word' id='word_1_193' title='bbox 1158 3170 1267 3235; x_wconf 78' lang='lat' dir='ltr'><strong>mutuo</strong></span> <span class='ocrx_word' id='word_1_194' title='bbox 1282 3193 1339 3256; x_wconf 91' lang='lat' dir='ltr'><strong>per</strong></span> <span class='ocrx_word' id='word_1_195' title='bbox 1355 3171 1461 3236; x_wconf 91' lang='lat' dir='ltr'><strong>Corol.</strong></span> <span class='ocrx_word' id='word_1_196' title='bbox 1480 3181 1508 3235; x_wconf 89' lang='lat'><strong>1.</strong></span> <span class='ocrx_word' id='word_1_197' title='bbox 1524 3182 1556 3236; x_wconf 89' lang='lat' dir='ltr'><strong>et</strong></span> <span class='ocrx_word' id='word_1_198' title='bbox 1569 3177 1600 3236; x_wconf 76' lang='grc'><strong>2.</strong></span> 
     </span>
     <span class='ocr_line' id='line_1_22' title="bbox 317 3271 1602 3372; baseline 0.005 -35"><span class='ocrx_word' id='word_1_199' title='bbox 317 3273 356 3356; x_wconf 65' lang='lat' dir='ltr'><strong>(q)</strong></span> <span class='ocrx_word' id='word_1_200' title='bbox 375 3271 417 3338; x_wconf 85' lang='lat' dir='ltr'><strong>Et</strong></span> <span class='ocrx_word' id='word_1_201' title='bbox 442 3274 516 3341; x_wconf 90' lang='lat' dir='ltr'><strong>hinc</strong></span> <span class='ocrx_word' id='word_1_202' title='bbox 541 3276 665 3362; x_wconf 89' lang='lat' dir='ltr'><strong>Jupiter</strong></span> <span class='ocrx_word' id='word_1_203' title='bbox 691 3290 723 3341; x_wconf 90' lang='lat' dir='ltr'><strong>et</strong></span> <span class='ocrx_word' id='word_1_204' title='bbox 750 3279 902 3342; x_wconf 85' lang='lat' dir='ltr'><strong>Saturnus</strong></span> <span class='ocrx_word' id='word_1_205' title='bbox 923 3299 1024 3364; x_wconf 90' lang='lat' dir='ltr'><strong>prope</strong></span> <span class='ocrx_word' id='word_1_206' title='bbox 1044 3279 1295 3365; x_wconf 89' lang='lat' dir='ltr'><strong>conjunctionem</strong></span> <span class='ocrx_word' id='word_1_207' title='bbox 1311 3279 1491 3344; x_wconf 85' lang='lat' dir='ltr'><strong>seinvicem</strong></span> <span class='ocrx_word' id='word_1_208' title='bbox 1506 3291 1602 3372; x_wconf 74' lang='lat' dir='ltr'><strong>atna-</strong></span> 
     </span>
     <span class='ocr_line' id='line_1_23' title="bbox 316 3379 1600 3470; baseline 0.004 -27"><span class='ocrx_word' id='word_1_209' title='bbox 316 3379 431 3459; x_wconf 89' lang='lat' dir='ltr'><strong>hendo,</strong></span> <span class='ocrx_word' id='word_1_210' title='bbox 462 3385 651 3450; x_wconf 86' lang='lat' dir='ltr'><strong>sensibiliter</strong></span> <span class='ocrx_word' id='word_1_211' title='bbox 689 3385 874 3470; x_wconf 80' lang='lat' dir='ltr'><strong>perturbant</strong></span> <span class='ocrx_word' id='word_1_212' title='bbox 905 3400 1009 3450; x_wconf 88' lang='lat' dir='ltr'><strong>motus</strong></span> <span class='ocrx_word' id='word_1_213' title='bbox 1046 3391 1187 3462; x_wconf 71' lang='lat' dir='ltr'><strong>mutuos,</strong></span> <span class='ocrx_word' id='word_1_214' title='bbox 1220 3385 1274 3450; x_wconf 87' lang='lat' dir='ltr'><strong>Sol</strong></span> <span class='ocrx_word' id='word_1_215' title='bbox 1309 3387 1471 3470; x_wconf 81' lang='lat' dir='ltr'><strong>perturbet</strong></span> <span class='ocrx_word' id='word_1_216' title='bbox 1497 3397 1600 3449; x_wconf 84' lang='lat' dir='ltr'><strong>motus</strong></span> 
     </span>
    </p>
   </div>
   <div class='ocr_carea' id='block_1_7' title="bbox 317 3487 1600 3679">
    <p class='ocr_par' dir='ltr' id='par_1_10' title="bbox 317 3487 1600 3679">
     <span class='ocr_line' id='line_1_24' title="bbox 317 3487 1600 3588; baseline 0.005 -38"><span class='ocrx_word' id='word_1_217' title='bbox 317 3487 450 3568; x_wconf 87' lang='lat' dir='ltr'><strong>lunares,</strong></span> <span class='ocrx_word' id='word_1_218' title='bbox 493 3493 548 3556; x_wconf 92' lang='lat' dir='ltr'><strong>Sol</strong></span> <span class='ocrx_word' id='word_1_219' title='bbox 576 3505 607 3556; x_wconf 86' lang='lat' dir='ltr'><strong>et</strong></span> <span class='ocrx_word' id='word_1_220' title='bbox 636 3493 729 3558; x_wconf 88' lang='lat' dir='ltr'><strong>Luna</strong></span> <span class='ocrx_word' id='word_1_221' title='bbox 758 3494 943 3578; x_wconf 75' lang='lat' dir='ltr'><strong>perturbent</strong></span> <span class='ocrx_word' id='word_1_222' title='bbox 972 3515 1058 3588; x_wconf 76' lang='lat' dir='ltr'><strong>mare</strong></span> <span class='ocrx_word' id='word_1_223' title='bbox 1087 3503 1238 3570; x_wconf 86' lang='lat' dir='ltr'><strong>nostrum,</strong></span> <span class='ocrx_word' id='word_1_224' title='bbox 1271 3502 1306 3556; x_wconf 92' lang='lat' dir='ltr'><strong>ut</strong></span> <span class='ocrx_word' id='word_1_225' title='bbox 1334 3492 1368 3555; x_wconf 90' lang='lat' dir='ltr'><strong>in</strong></span> <span class='ocrx_word' id='word_1_226' title='bbox 1400 3492 1600 3579; x_wconf 83' lang='lat' dir='ltr'><strong>sequentibus</strong></span> 
     </span>
     <span class='ocr_line' id='line_1_25' title="bbox 318 3595 533 3679; baseline 0.009 -21"><span class='ocrx_word' id='word_1_227' title='bbox 318 3595 533 3679; x_wconf 88' lang='lat' dir='ltr'><strong>explicabitur.</strong></span> 
     </span>
    </p>
   </div>
   <div class='ocr_carea' id='block_1_8' title="bbox 317 3801 1601 4698">
    <p class='ocr_par' dir='ltr' id='par_1_11' title="bbox 317 3801 1601 4058">
     <span class='ocr_line' id='line_1_26' title="bbox 350 3801 1601 3869; baseline -0.001 -16"><span class='ocrx_word' id='word_1_228' title='bbox 350 3801 385 3868; x_wconf 84' lang='lat'><strong>(⁰)</strong></span> <span class='ocrx_word' id='word_1_229' title='bbox 402 3809 441 3853; x_wconf 80' lang='grc'><strong>66.</strong></span> <span class='ocrx_word' id='word_1_230' title='bbox 454 3807 471 3836; x_wconf 73' lang='lat'><strong><em>⁴</em></strong></span> <span class='ocrx_word' id='word_1_231' title='bbox 495 3805 602 3855; x_wconf 78' lang='lat' dir='ltr'><strong>Gravitas</strong></span> <span class='ocrx_word' id='word_1_232' title='bbox 622 3807 692 3869; x_wconf 76' lang='lat' dir='ltr'><strong>r&#39;gitrsr</strong></span> <span class='ocrx_word' id='word_1_233' title='bbox 709 3809 780 3855; x_wconf 76' lang='lat' dir='ltr'><strong>datur</strong></span> <span class='ocrx_word' id='word_1_234' title='bbox 796 3809 823 3855; x_wconf 82' lang='lat' dir='ltr'><strong>iss</strong></span> <span class='ocrx_word' id='word_1_235' title='bbox 838 3809 945 3865; x_wconf 68' lang='lat' dir='ltr'><strong>ptam</strong></span> <span class='ocrx_word' id='word_1_236' title='bbox 976 3806 1078 3854; x_wconf 71' lang='lat' dir='ltr'><strong>etenim</strong></span> <span class='ocrx_word' id='word_1_237' title='bbox 1094 3807 1140 3854; x_wconf 87' lang='lat' dir='ltr'><strong>rllis</strong></span> <span class='ocrx_word' id='word_1_238' title='bbox 1158 3822 1186 3856; x_wconf 84' lang='lat' dir='ltr'><strong>se</strong></span> <span class='ocrx_word' id='word_1_239' title='bbox 1205 3807 1282 3856; x_wconf 69' lang='lat' dir='ltr'><strong>Luna</strong></span> <span class='ocrx_word' id='word_1_240' title='bbox 1299 3813 1324 3853; x_wconf 86' lang='lat' dir='ltr'><strong>et</strong></span> <span class='ocrx_word' id='word_1_241' title='bbox 1343 3803 1539 3852; x_wconf 67' lang='lat' dir='ltr'><strong>circummuralia</strong></span> <span class='ocrx_word' id='word_1_242' title='bbox 1559 3811 1601 3852; x_wconf 79' lang='lat' dir='ltr'><strong>sut</strong></span> 
     </span>
     <span class='ocr_line' id='line_1_27' title="bbox 317 3867 1599 3932; baseline -0.001 -16"><span class='ocrx_word' id='word_1_243' title='bbox 317 3871 449 3924; x_wconf 63' lang='lat' dir='ltr'><strong>amram,-</strong></span> <span class='ocrx_word' id='word_1_244' title='bbox 469 3872 482 3900; x_wconf 74' lang='lat'><em>⁶</em></span> <span class='ocrx_word' id='word_1_245' title='bbox 504 3868 583 3916; x_wconf 83' lang='lat' dir='ltr'><strong>Datur</strong></span> <span class='ocrx_word' id='word_1_246' title='bbox 601 3870 701 3932; x_wconf 70' lang='lat' dir='ltr'><strong>gravius</strong></span> <span class='ocrx_word' id='word_1_247' title='bbox 718 3871 744 3916; x_wconf 86' lang='lat' dir='ltr'><strong>in</strong></span> <span class='ocrx_word' id='word_1_248' title='bbox 762 3870 861 3917; x_wconf 78' lang='lat' dir='ltr'><strong>Terram</strong></span> <span class='ocrx_word' id='word_1_249' title='bbox 878 3879 902 3916; x_wconf 87' lang='lat' dir='ltr'><strong>et</strong></span> <span class='ocrx_word' id='word_1_250' title='bbox 916 3868 945 3916; x_wconf 74' lang='lat' dir='ltr'><strong>ei</strong></span> <span class='ocrx_word' id='word_1_251' title='bbox 976 3869 1265 3932; x_wconf 60' lang='lat' dir='ltr'><strong>cimumjosidibuaunde</strong></span> <span class='ocrx_word' id='word_1_252' title='bbox 1275 3868 1377 3932; x_wconf 85' lang='lat' dir='ltr'><strong>sequitur</strong></span> <span class='ocrx_word' id='word_1_253' title='bbox 1387 3867 1599 3932; x_wconf 57' lang='lat' dir='ltr'><strong>minuandum</strong></span> 
     </span>
     <span class='ocr_line' id='line_1_28' title="bbox 318 3930 1600 4058; baseline 0 -17"><span class='ocrx_word' id='word_1_254' title='bbox 318 3930 595 4058; x_wconf 52' lang='lat' dir='ltr'><strong>i&#39;i&#39;fmiriusssilss</strong></span> <span class='ocrx_word' id='word_1_255' title='bbox 608 3933 944 4052; x_wconf 54' lang='lat' dir='ltr'><strong>imriv&#39;ffi&#39;iffl</strong></span> <span class='ocrx_word' id='word_1_256' title='bbox 976 3932 1135 4044; x_wconf 60' lang='lat' dir='ltr'><strong>iiiiii</strong></span> <span class='ocrx_word' id='word_1_257' title='bbox 1145 3934 1261 4046; x_wconf 62' lang='lat' dir='ltr'><strong>titt</strong></span> <span class='ocrx_word' id='word_1_258' title='bbox 1278 3933 1482 4058; x_wconf 44' lang='lat' dir='ltr'><strong>&amp;iiiiii</strong></span> <span class='ocrx_word' id='word_1_259' title='bbox 1492 3941 1600 4052; x_wconf 58' lang='lat' dir='ltr'><strong>titt</strong></span> 
     </span>
    </p>

    <p class='ocr_par' dir='ltr' id='par_1_12' title="bbox 318 4027 1597 4250">
     <span class='ocr_line' id='line_1_29' title="bbox 360 4027 1143 4054; baseline 0.014 -14"><span class='ocrx_word' id='word_1_260' title='bbox 360 4027 382 4054; x_wconf 63' lang='lat' dir='ltr'><strong>s,</strong></span> <span class='ocrx_word' id='word_1_261' title='bbox 1137 4029 1143 4051; x_wconf 79' lang='lat' dir='ltr'><strong>i</strong></span> 
     </span>
     <span class='ocr_line' id='line_1_30' title="bbox 319 4058 1156 4122; baseline 0.005 -18"><span class='ocrx_word' id='word_1_262' title='bbox 319 4071 373 4104; x_wconf 82' lang='lat' dir='ltr'><strong>usur</strong></span> <span class='ocrx_word' id='word_1_263' title='bbox 393 4059 550 4107; x_wconf 81' lang='lat' dir='ltr'><strong>revolutiones</strong></span> <span class='ocrx_word' id='word_1_264' title='bbox 571 4060 716 4119; x_wconf 78' lang='lat' dir='ltr'><strong>planetarum</strong></span> <span class='ocrx_word' id='word_1_265' title='bbox 738 4058 945 4122; x_wconf 80' lang='lat' dir='ltr'><strong>circumjovislium</strong></span> <span class='ocrx_word' id='word_1_266' title='bbox 977 4061 1019 4108; x_wconf 78' lang='lat' dir='ltr'><strong>&amp;c</strong></span> <span class='ocrx_word' id='word_1_267' title='bbox 1036 4062 1156 4109; x_wconf 75' lang='lat' dir='ltr'><strong>constabit.</strong></span> 
     </span>
     <span class='ocr_line' id='line_1_31' title="bbox 318 4119 1597 4187; baseline 0.002 -19"><span class='ocrx_word' id='word_1_268' title='bbox 318 4121 379 4168; x_wconf 81' lang='lat' dir='ltr'><strong>circs</strong></span> <span class='ocrx_word' id='word_1_269' title='bbox 393 4123 486 4177; x_wconf 80' lang='lat' dir='ltr'><strong>Jorsrn,</strong></span> <span class='ocrx_word' id='word_1_270' title='bbox 502 4131 526 4168; x_wconf 81' lang='lat' dir='ltr'><strong>st</strong></span> <span class='ocrx_word' id='word_1_271' title='bbox 536 4122 780 4173; x_wconf 83' lang='lat' dir='ltr'><strong>circumssturoiorum</strong></span> <span class='ocrx_word' id='word_1_272' title='bbox 791 4124 852 4172; x_wconf 82' lang='lat' dir='ltr'><strong>circa</strong></span> <span class='ocrx_word' id='word_1_273' title='bbox 863 4123 943 4170; x_wconf 82' lang='lat' dir='ltr'><strong>Satur·</strong></span> <span class='ocrx_word' id='word_1_274' title='bbox 1009 4123 1044 4187; x_wconf 70' lang='grc' dir='ltr'><strong>(Ρ)</strong></span> <span class='ocrx_word' id='word_1_275' title='bbox 1060 4129 1072 4156; x_wconf 78' lang='lat'><em>⁰</em></span> <span class='ocrx_word' id='word_1_276' title='bbox 1092 4127 1163 4176; x_wconf 76' lang='lat' dir='ltr'><strong>corel.</strong></span> <span class='ocrx_word' id='word_1_277' title='bbox 1180 4129 1202 4172; x_wconf 71' lang='lat'><strong>2.</strong></span> <span class='ocrx_word' id='word_1_278' title='bbox 1239 4123 1310 4172; x_wconf 77' lang='lat' dir='ltr'><strong>Putet</strong></span> <span class='ocrx_word' id='word_1_279' title='bbox 1326 4124 1367 4187; x_wconf 83' lang='lat' dir='ltr'><strong>(ex</strong></span> <span class='ocrx_word' id='word_1_280' title='bbox 1380 4123 1440 4186; x_wconf 77' lang='lat' dir='ltr'><strong>Rog-</strong></span> <span class='ocrx_word' id='word_1_281' title='bbox 1456 4125 1476 4170; x_wconf 90' lang='lat'><strong>1.</strong></span> <span class='ocrx_word' id='word_1_282' title='bbox 1489 4129 1514 4169; x_wconf 85' lang='lat' dir='ltr'><strong>ct</strong></span> <span class='ocrx_word' id='word_1_283' title='bbox 1526 4119 1597 4184; x_wconf 81' lang='lat' dir='ltr'><strong>l’rop.</strong></span> 
     </span>
     <span class='ocr_line' id='line_1_32' title="bbox 319 4185 1023 4250; baseline 0.003 -20"><span class='ocrx_word' id='word_1_284' title='bbox 319 4199 378 4231; x_wconf 86' lang='lat' dir='ltr'><strong>num</strong></span> <span class='ocrx_word' id='word_1_285' title='bbox 399 4197 455 4234; x_wconf 88' lang='lat' dir='ltr'><strong>sunt</strong></span> <span class='ocrx_word' id='word_1_286' title='bbox 481 4186 586 4250; x_wconf 81' lang='lat' dir='ltr'><strong>ejusdcm</strong></span> <span class='ocrx_word' id='word_1_287' title='bbox 612 4188 702 4250; x_wconf 77' lang='lat' dir='ltr'><strong>generis</strong></span> <span class='ocrx_word' id='word_1_288' title='bbox 722 4203 778 4236; x_wconf 84' lang='lat' dir='ltr'><strong>cum</strong></span> <span class='ocrx_word' id='word_1_289' title='bbox 802 4185 944 4233; x_wconf 80' lang='lat' dir='ltr'><strong>revolutione</strong></span> <span class='ocrx_word' id='word_1_290' title='bbox 978 4187 1023 4250; x_wconf 89' lang='grc'><strong>1.).</strong></span> 
     </span>
    </p>

    <p class='ocr_par' dir='ltr' id='par_1_13' title="bbox 319 4247 1601 4631">
     <span class='ocr_line' id='line_1_33' title="bbox 321 4247 1601 4316; baseline 0.002 -22"><span class='ocrx_word' id='word_1_291' title='bbox 321 4248 398 4295; x_wconf 79' lang='lat' dir='ltr'><strong>Lanos</strong></span> <span class='ocrx_word' id='word_1_292' title='bbox 408 4251 470 4299; x_wconf 84' lang='lat' dir='ltr'><strong>cirea</strong></span> <span class='ocrx_word' id='word_1_293' title='bbox 479 4250 583 4306; x_wconf 83' lang='lat' dir='ltr'><strong>Terram,</strong></span> <span class='ocrx_word' id='word_1_294' title='bbox 596 4250 761 4316; x_wconf 82' lang='lat' dir='ltr'><strong>pendentergo</strong></span> <span class='ocrx_word' id='word_1_295' title='bbox 776 4253 827 4314; x_wconf 81' lang='lat' dir='ltr'><strong>(per</strong></span> <span class='ocrx_word' id='word_1_296' title='bbox 837 4249 944 4312; x_wconf 58' lang='lat' dir='ltr'><strong>Repu.)</strong></span> <span class='ocrx_word' id='word_1_297' title='bbox 1009 4249 1043 4315; x_wconf 52' lang='grc' dir='ltr'><strong>(Ἰ)</strong></span> <span class='ocrx_word' id='word_1_298' title='bbox 1057 4253 1181 4300; x_wconf 74' lang='lat' dir='ltr'><strong>&#39;Echino</strong></span> <span class='ocrx_word' id='word_1_299' title='bbox 1191 4253 1288 4312; x_wconf 81' lang='lat' dir='ltr'><strong>Jupiter.</strong></span> <span class='ocrx_word' id='word_1_300' title='bbox 1323 4247 1481 4297; x_wconf 78' lang='lat' dir='ltr'><strong>Hsscmutus</strong></span> <span class='ocrx_word' id='word_1_301' title='bbox 1496 4248 1601 4310; x_wconf 80' lang='lat' dir='ltr'><strong>planels-</strong></span> 
     </span>
     <span class='ocr_line' id='line_1_34' title="bbox 320 4313 1599 4376; baseline 0.001 -17"><span class='ocrx_word' id='word_1_302' title='bbox 320 4326 349 4359; x_wconf 82' lang='lat' dir='ltr'><strong>ex</strong></span> <span class='ocrx_word' id='word_1_303' title='bbox 367 4314 479 4372; x_wconf 63' lang='lat' dir='ltr'><strong>garitae</strong></span> <span class='ocrx_word' id='word_1_304' title='bbox 494 4329 575 4362; x_wconf 84' lang='lat' dir='ltr'><strong>eorum</strong></span> <span class='ocrx_word' id='word_1_305' title='bbox 594 4314 720 4363; x_wconf 80' lang='lat' dir='ltr'><strong>satellitum</strong></span> <span class='ocrx_word' id='word_1_306' title='bbox 732 4317 757 4362; x_wconf 86' lang='lat' dir='ltr'><strong>in</strong></span> <span class='ocrx_word' id='word_1_307' title='bbox 773 4329 812 4361; x_wconf 83' lang='lat' dir='ltr'><strong>eos</strong></span> <span class='ocrx_word' id='word_1_308' title='bbox 826 4313 944 4374; x_wconf 66' lang='lat' dir='ltr'><strong>plsuetsse</strong></span> <span class='ocrx_word' id='word_1_309' title='bbox 976 4329 1029 4362; x_wconf 88' lang='lat' dir='ltr'><strong>rum</strong></span> <span class='ocrx_word' id='word_1_310' title='bbox 1046 4315 1193 4376; x_wconf 82' lang='lat' dir='ltr'><strong>perturbatio,</strong></span> <span class='ocrx_word' id='word_1_311' title='bbox 1210 4324 1238 4361; x_wconf 89' lang='lat' dir='ltr'><strong>ut</strong></span> <span class='ocrx_word' id='word_1_312' title='bbox 1248 4313 1303 4375; x_wconf 76' lang='lat' dir='ltr'><strong>poti</strong></span> <span class='ocrx_word' id='word_1_313' title='bbox 1314 4327 1368 4360; x_wconf 87' lang='lat' dir='ltr'><strong>cum</strong></span> <span class='ocrx_word' id='word_1_314' title='bbox 1380 4313 1529 4376; x_wconf 65' lang='lat' dir='ltr'><strong>sequentibus</strong></span> <span class='ocrx_word' id='word_1_315' title='bbox 1541 4313 1599 4360; x_wconf 85' lang='lat' dir='ltr'><strong>Pro·</strong></span> 
     </span>
     <span class='ocr_line' id='line_1_35' title="bbox 319 4376 1599 4441; baseline -0.001 -18"><span class='ocrx_word' id='word_1_316' title='bbox 319 4377 427 4436; x_wconf 74' lang='lat' dir='ltr'><strong>quemvis</strong></span> <span class='ocrx_word' id='word_1_317' title='bbox 442 4387 521 4425; x_wconf 70' lang='lat' dir='ltr'><strong>sute-</strong></span> <span class='ocrx_word' id='word_1_318' title='bbox 537 4393 585 4426; x_wconf 87' lang='lat' dir='ltr'><strong>non</strong></span> <span class='ocrx_word' id='word_1_319' title='bbox 600 4379 647 4426; x_wconf 87' lang='lat' dir='ltr'><strong>siut</strong></span> <span class='ocrx_word' id='word_1_320' title='bbox 657 4388 699 4427; x_wconf 80' lang='lat' dir='ltr'><strong>sut</strong></span> <span class='ocrx_word' id='word_1_321' title='bbox 715 4392 762 4426; x_wconf 85' lang='lat' dir='ltr'><strong>nou</strong></span> <span class='ocrx_word' id='word_1_322' title='bbox 773 4378 885 4426; x_wconf 80' lang='lat' dir='ltr'><strong>obserrsti</strong></span> <span class='ocrx_word' id='word_1_323' title='bbox 900 4377 946 4425; x_wconf 83' lang='lat' dir='ltr'><strong>sint</strong></span> <span class='ocrx_word' id='word_1_324' title='bbox 977 4379 1130 4440; x_wconf 67' lang='lat' dir='ltr'><strong>pontonium</strong></span> <span class='ocrx_word' id='word_1_325' title='bbox 1148 4377 1279 4441; x_wconf 76' lang='lat' dir='ltr'><strong>conjunctu,</strong></span> <span class='ocrx_word' id='word_1_326' title='bbox 1298 4377 1408 4437; x_wconf 83' lang='lat' dir='ltr'><strong>deinceps</strong></span> <span class='ocrx_word' id='word_1_327' title='bbox 1425 4376 1599 4424; x_wconf 82' lang='lat' dir='ltr'><strong>convenientius</strong></span> 
     </span>
     <span class='ocr_line' id='line_1_36' title="bbox 319 4437 1599 4503; baseline -0.002 -17"><span class='ocrx_word' id='word_1_328' title='bbox 319 4437 431 4487; x_wconf 78' lang='lat' dir='ltr'><strong>satellites</strong></span> <span class='ocrx_word' id='word_1_329' title='bbox 440 4440 501 4488; x_wconf 80' lang='lat' dir='ltr'><strong>circo</strong></span> <span class='ocrx_word' id='word_1_330' title='bbox 513 4442 623 4500; x_wconf 71' lang='lat' dir='ltr'><strong>Mortem,</strong></span> <span class='ocrx_word' id='word_1_331' title='bbox 634 4441 749 4491; x_wconf 80' lang='lat' dir='ltr'><strong>Venerem</strong></span> <span class='ocrx_word' id='word_1_332' title='bbox 757 4451 781 4490; x_wconf 85' lang='lat' dir='ltr'><strong>et</strong></span> <span class='ocrx_word' id='word_1_333' title='bbox 790 4441 944 4498; x_wconf 82' lang='lat' dir='ltr'><strong>Mercurium,</strong></span> <span class='ocrx_word' id='word_1_334' title='bbox 977 4441 1135 4503; x_wconf 73' lang='lat' dir='ltr'><strong>explicabitur,</strong></span> <span class='ocrx_word' id='word_1_335' title='bbox 1147 4441 1285 4490; x_wconf 73' lang='lat' dir='ltr'><strong>‘sufficiant</strong></span> <span class='ocrx_word' id='word_1_336' title='bbox 1292 4439 1316 4488; x_wconf 88' lang='lat' dir='ltr'><strong>iu</strong></span> <span class='ocrx_word' id='word_1_337' title='bbox 1323 4441 1496 4500; x_wconf 66' lang='lat' dir='ltr'><strong>presentiarum</strong></span> <span class='ocrx_word' id='word_1_338' title='bbox 1506 4453 1558 4500; x_wconf 79' lang='lat' dir='ltr'><strong>quse</strong></span> <span class='ocrx_word' id='word_1_339' title='bbox 1568 4437 1599 4484; x_wconf 79' lang='lat' dir='ltr'><strong>de</strong></span> 
     </span>
     <span class='ocr_line' id='line_1_37' title="bbox 319 4501 1597 4570; baseline 0.002 -20"><span class='ocrx_word' id='word_1_340' title='bbox 319 4511 423 4550; x_wconf 68' lang='lat' dir='ltr'><strong>momen</strong></span> <span class='ocrx_word' id='word_1_341' title='bbox 444 4503 507 4561; x_wconf 84' lang='lat' dir='ltr'><strong>Jovi,</strong></span> <span class='ocrx_word' id='word_1_342' title='bbox 531 4507 638 4564; x_wconf 75' lang='lat' dir='ltr'><strong>Summo,</strong></span> <span class='ocrx_word' id='word_1_343' title='bbox 661 4506 740 4554; x_wconf 71' lang='lat' dir='ltr'><strong>Terre</strong></span> <span class='ocrx_word' id='word_1_344' title='bbox 758 4507 783 4554; x_wconf 90' lang='lat' dir='ltr'><strong>in</strong></span> <span class='ocrx_word' id='word_1_345' title='bbox 804 4505 892 4552; x_wconf 62' lang='lat' dir='ltr'><strong>caesis</strong></span> <span class='ocrx_word' id='word_1_346' title='bbox 912 4505 945 4552; x_wconf 78' lang='lat' dir='ltr'><strong>its</strong></span> <span class='ocrx_word' id='word_1_347' title='bbox 977 4505 1004 4552; x_wconf 80' lang='lat' dir='ltr'><strong>oi</strong></span> <span class='ocrx_word' id='word_1_348' title='bbox 1020 4505 1126 4566; x_wconf 82' lang='lat' dir='ltr'><strong>superius</strong></span> <span class='ocrx_word' id='word_1_349' title='bbox 1140 4505 1229 4552; x_wconf 85' lang='lat' dir='ltr'><strong>dictum</strong></span> <span class='ocrx_word' id='word_1_350' title='bbox 1242 4515 1284 4560; x_wconf 86' lang='lat' dir='ltr'><strong>est,</strong></span> <span class='ocrx_word' id='word_1_351' title='bbox 1300 4505 1420 4553; x_wconf 73' lang='lat' dir='ltr'><strong>ocmsioue</strong></span> <span class='ocrx_word' id='word_1_352' title='bbox 1429 4503 1513 4570; x_wconf 84' lang='lat' dir='ltr'><strong>quietis</strong></span> <span class='ocrx_word' id='word_1_353' title='bbox 1526 4501 1597 4562; x_wconf 68' lang='lat' dir='ltr'><strong>spho-</strong></span> 
     </span>
     <span class='ocr_line' id='line_1_38' title="bbox 319 4566 1421 4631; baseline 0.005 -19"><span class='ocrx_word' id='word_1_354' title='bbox 319 4575 376 4613; x_wconf 85' lang='lat' dir='ltr'><strong>sunt</strong></span> <span class='ocrx_word' id='word_1_355' title='bbox 391 4566 479 4614; x_wconf 84' lang='lat' dir='ltr'><strong>similes</strong></span> <span class='ocrx_word' id='word_1_356' title='bbox 495 4576 522 4615; x_wconf 90' lang='lat' dir='ltr'><strong>ut</strong></span> <span class='ocrx_word' id='word_1_357' title='bbox 534 4570 656 4619; x_wconf 73' lang='lat' dir='ltr'><strong>dubitandi</strong></span> <span class='ocrx_word' id='word_1_358' title='bbox 666 4569 733 4619; x_wconf 88' lang='lat' dir='ltr'><strong>locus</strong></span> <span class='ocrx_word' id='word_1_359' title='bbox 743 4585 791 4618; x_wconf 88' lang='lat' dir='ltr'><strong>nou</strong></span> <span class='ocrx_word' id='word_1_360' title='bbox 801 4567 945 4631; x_wconf 76' lang='lat' dir='ltr'><strong>relinquetur</strong></span> <span class='ocrx_word' id='word_1_361' title='bbox 976 4569 1068 4624; x_wconf 86' lang='lat' dir='ltr'><strong>tiorum,</strong></span> <span class='ocrx_word' id='word_1_362' title='bbox 1080 4567 1131 4617; x_wconf 86' lang='lat' dir='ltr'><strong>vide</strong></span> <span class='ocrx_word' id='word_1_363' title='bbox 1142 4578 1221 4618; x_wconf 81' lang='lat' dir='ltr'><strong>uotum</strong></span> <span class='ocrx_word' id='word_1_364' title='bbox 1232 4567 1243 4594; x_wconf 79' lang='lat'>⁸</span> <span class='ocrx_word' id='word_1_365' title='bbox 1254 4568 1284 4619; x_wconf 74' lang='lat' dir='ltr'><strong>ad</strong></span> <span class='ocrx_word' id='word_1_366' title='bbox 1297 4568 1369 4630; x_wconf 79' lang='lat' dir='ltr'><strong>rmp.</strong></span> <span class='ocrx_word' id='word_1_367' title='bbox 1384 4567 1421 4618; x_wconf 90' lang='lat'><strong>11.</strong></span> 
     </span>
    </p>

    <p class='ocr_par' dir='ltr' id='par_1_14' title="bbox 320 4629 945 4698">
     <span class='ocr_line' id='line_1_39' title="bbox 320 4629 945 4698; baseline 0.006 -21"><span class='ocrx_word' id='word_1_368' title='bbox 320 4629 383 4694; x_wconf 87' lang='lat' dir='ltr'><strong>quod</strong></span> <span class='ocrx_word' id='word_1_369' title='bbox 394 4631 413 4678; x_wconf 84' lang='lat' dir='ltr'><strong>si</strong></span> <span class='ocrx_word' id='word_1_370' title='bbox 424 4629 535 4680; x_wconf 72' lang='lat' dir='ltr'><strong>satellites</strong></span> <span class='ocrx_word' id='word_1_371' title='bbox 541 4633 610 4695; x_wconf 81' lang='lat' dir='ltr'><strong>juxto</strong></span> <span class='ocrx_word' id='word_1_372' title='bbox 620 4635 682 4698; x_wconf 86' lang='lat' dir='ltr'><strong>ipsos</strong></span> <span class='ocrx_word' id='word_1_373' title='bbox 692 4635 865 4688; x_wconf 79' lang='lat' dir='ltr'><strong>colloesrentur,</strong></span> <span class='ocrx_word' id='word_1_374' title='bbox 882 4633 945 4681; x_wconf 80' lang='lat' dir='ltr'><strong>idern</strong></span> 
     </span>
    </p>
   </div>
   <div class='ocr_carea' id='block_1_9' title="bbox 1782 980 1784 1091">
    <p class='ocr_par' dir='ltr' id='par_1_15' title="bbox 1782 980 1784 1091">
     <span class='ocr_line' id='line_1_40' title="bbox 1782 980 1784 1091; baseline 0 0"><span class='ocrx_word' id='word_1_375' title='bbox 1782 980 1784 1091; x_wconf 79' lang='lat' dir='ltr'><strong>l</strong></span> 
     </span>
    </p>
   </div>
   <div class='ocr_carea' id='block_1_10' title="bbox 0 0 1789 5872">
    <p class='ocr_par' dir='ltr' id='par_1_16' title="bbox 0 0 1789 5872">
     <span class='ocr_line' id='line_1_41' title="bbox 0 0 1789 5872; baseline 0 0"><span class='ocrx_word' id='word_1_376' title='bbox 0 0 1789 5872; x_wconf 95' lang='lat' dir='ltr'><strong> </strong></span> 
     </span>
    </p>
   </div>
  </div>
 </body>
</html>
