3520 5884
776 986 834 1046 DE

339 1253 646 1358 MUNDI
717 1251 1267 1355 SYSTEMATE.

560 1519 747 1622 umus
784 1515 1050 1622 rnnrm's.

721 1809 899 1849 um'

165 2041 216 2142 [u
245 2076 352 2142 Libris
379 2077 627 2162 preoedsnnbus
661 2079 815 2165 principis
847 2079 1056 2165 philosophie
1088 2079 1212 2156 tradidi,
1241 2101 1306 2142 non
1333 2091 1438 2143 tomen

162 2183 380 2270 philosophice
408 2185 466 2250 sed
491 2184 709 2250 mathematice
734 2183 864 2263 tannim,
901 2209 942 2250 ex
970 2185 1083 2271 quibus
1111 2185 1255 2250 videlicet
1282 2184 1316 2246 in
1344 2183 1438 2246 rebus

162 2291 385 2377 philosophicis
406 2292 558 2377 disputmi
577 2294 684 2378 possit.
740 2275 823 2358 Haec
848 2291 920 2358 suni
943 2305 1086 2358 motuum
1111 2307 1144 2358 et
1167 2294 1279 2357 virium
1301 2292 1386 2379 leges
1407 2303 1438 2355 et

80 2464 82 2468 ,
161 2396 365 2473 conditiones,
389 2419 460 2482 quse
478 2397 519 2460 ed
537 2397 767 2482 philosophiam
779 2397 916 2462 maxime
930 2397 1080 2483 spectent.
1124 2397 1245 2463 Eodem
1259 2409 1374 2473 temen,
1396 2417 1438 2460 ne

160 2503 276 2568 sterilis
296 2503 468 2582 videantur,
490 2503 643 2570 illustrari
663 2505 788 2572 scholiis
802 2507 988 2594 quibusdam
1001 2507 1233 2592 philosophicis,
1249 2530 1287 2572 en
1300 2515 1437 2570 nouem

160 2631 231 2697 quoe
251 2610 407 2698 generalis
422 2622 503 2689 sunt,
520 2623 552 2675 et
565 2613 598 2676 in
612 2612 725 2698 quibus
738 2611 937 2698 philosophie
950 2611 1086 2677 maximi
1100 2613 1224 2678 fundari
1238 2612 1370 2688 videtur,
1390 2611 1437 2674 uti

161 2739 326 2803 corporum
340 2717 523 2785 densitatem
538 2731 570 2784 et
583 2721 799 2799 resistentiam,
822 2722 922 2806 sputis
936 2722 1117 2806 corporibus
1131 2746 1238 2800 vecun,
1254 2733 1436 2806 motumque

156 2825 237 2892 lucis
259 2838 291 2892 et
312 2849 468 2892 sonorum.
515 2829 664 2912 Superest
683 2833 728 2894 nt'
740 2851 781 2894 ex
798 2829 908 2894 iisdem
927 2830 1088 2915 principiis
1103 2829 1270 2895 doceamus
1285 2829 1435 2896 constitu-

159 2931 275 2996 tionem
295 2934 467 3018 queuntis
487 2933 647 2999 mundani.
690 2935 745 3000 De
769 2935 830 3002 hoc
854 2949 1038 3023 argumento
1061 2959 1298 3022 composueram
1319 2923 1435 3000 librum¹

159 3042 285 3106 tertium
298 3043 447 3108 methodo
460 3043 614 3128 populari,
630 3053 666 3107 ut
679 3066 699 3107 e
711 3043 853 3128 plumbus
866 3045 1031 3131 legeoetm.
1078 3045 1141 3110 Sed
1155 3045 1268 3129 quibus
1281 3044 1436 3128 principis

159 3145 260 3232 posite
280 3147 353 3212 snus
374 3148 529 3214 intellecta
548 3170 613 3212 non
632 3147 795 3226 luerintii
809 3151 873 3212 vim
887 3150 1179 3236 consequentiarum
1192 3147 1320 3214 minimi
1334 3149 1434 3232 perci·

157 3254 253 3338 pient,
275 3277 377 3341 neque
396 3255 579 3341 prejudicio
600 3255 768 3340 deponent,
791 3254 903 3342 quibus
924 3279 944 3319 a
962 3255 1067 3322 mutis
1082 3267 1167 3320 retro
1187 3256 1279 3320 anuis
1292 3255 1435 3318 insuere·

156 3375 250 3426 runt:
271 3375 306 3428 et
325 3374 490 3448 propterea
509 3385 551 3428 no
571 3385 621 3430 res
642 3364 676 3426 in
689 3363 913 3448 disputationes
926 3363 1078 3439 tralumr,
1094 3383 1247 3426 summsm
1261 3361 1334 3427 libri
1349 3362 1433 3426 illins

157 3469 300 3534 trnrtsmli
320 3469 354 3532 in
374 3469 610 3554 propositiones,
631 3491 719 3534 more
734 3467 961 3544 mathematico,
977 3479 1012 3532 ut
1026 3466 1067 3530 sb
1081 3468 1119 3530 iis
1133 3467 1207 3532 solis
1221 3469 1366 3555 legantur
1379 3470 1435 3554 qui

156 3574 309 3660 principie
320 3575 408 3659 prius
423 3574 601 3638 evolverint.
639 3574 861 3638 Verumtamen
876 3573 1023 3659 quonism
1036 3573 1264 3658 propositiones
1278 3574 1322 3638 ibi
1337 3596 1431 3660 quom

156 3684 299 3771 plurimae
323 3695 498 3762 occurrent,
525 3705 595 3770 quae
619 3682 786 3746 lectoribus
816 3681 909 3746 etism
936 3679 1153 3745 mathematice
1179 3679 1279 3746 doctis
1309 3704 1430 3746 morem
1553 3720 1557 3729 ,

157 3793 284 3856 nimiam
298 3793 422 3877 injicere
435 3793 565 3878 possint,
581 3801 689 3854 auctor
703 3811 770 3854 esse
784 3789 858 3854 nolo
873 3801 909 3853 ut
921 3791 1084 3885 quisque-m
1098 3811 1150 3853 ees
1164 3811 1274 3853 omnes
1290 3790 1430 3866 evolvet3

158 3899 323 3964 suffecerit
333 3901 428 3986 siquis
453 3899 657 3976 definitiones,
684 3898 769 3986 leges
783 3911 924 3965 motuum
939 3911 970 3962 et
983 3898 1134 3963 sectiones
1149 3912 1212 3964 tres
1226 3901 1347 3984 priores
1361 3899 1433 3962 libri

156 4009 248 4092 primi
269 4007 378 4074 sedulo
391 4009 483 4096 legat,
505 4009 578 4073 dein
592 4018 728 4074 transeat
741 4007 783 4094 ed
796 4006 881 4071 huuc
894 4007 1009 4071 librum
1024 4007 1063 4070 dc
1078 4007 1189 4071 mundi
1204 4018 1378 4093 systemate,
1402 4017 1434 4072 et

157 4115 288 4202 reliquos
302 4115 451 4182 librormn
463 4114 604 4201 priorum
617 4113 846 4199 propositiones
860 4112 913 4178 hic
929 4113 1039 4178 citatos
1054 4131 1114 4197 pro
1127 4111 1227 4177 lubitu
1241 4111 1389 4184 consulut,
1419 4119 1428 4140 '‘
