3566 5868
321 532 384 591 248
571 527 838 605 INQUISlTIO
860 527 1064 595 PHYSICA
1087 529 1138 596 IN
1161 529 1355 617 CAUSAM

317 695 412 782 hujus
428 699 552 785 generis
573 697 802 783 phoenomenon
817 697 909 763 firorit
929 701 1133 784 propositum,
1156 699 1217 761 alia
1231 720 1323 762 causa
1338 696 1514 784 investigari
1533 719 1602 762 nou

319 817 433 890 potest,
450 807 510 870 nisi
523 829 594 892 quae
608 830 627 870 a
640 807 795 891 principio
809 807 884 872 tales
898 819 1001 870 motus
1016 806 1233 890 procreaverit.

361 923 385 999 §.
402 925 432 980 2.
456 917 563 1000 Hujus
577 915 700 1003 generis
715 915 796 980 foret
810 915 949 1002 quaestio,
972 916 998 978 si
1013 928 1203 1001 quaereretur
1217 937 1310 980 causa
1323 910 1426 977 motus
1440 911 1601 999 vertiginis

316 1021 513 1107 planetarum
535 1047 572 1088 ac
599 1023 696 1098 Solis3
726 1023 779 1086 hic
801 1023 885 1087 enim
906 1023 1061 1086 sufficeret
1083 1044 1152 1086 eam
1174 1043 1298 1085 causam
1319 1020 1501 1106 assignasse,
1528 1041 1600 1104 quse

316 1128 405 1194 initio
425 1129 484 1193 hos
505 1143 608 1193 motus
629 1129 837 1214 produxisset,
862 1127 933 1194 crim
956 1128 1012 1194 Sol
1033 1129 1122 1216 aeque
1143 1149 1179 1191 ac
1201 1127 1335 1212 planetae
1353 1126 1453 1198 ,talem
1478 1139 1599 1190 motum

318 1238 413 1302 semel
434 1237 593 1310 consecuti
615 1237 748 1301 eundem
769 1236 896 1322 proprisi
919 1239 950 1300 vi
970 1235 1122 1323 perpetud
1137 1259 1318 1300 conservare
1333 1235 1476 1314 debeant,
1497 1258 1599 1323 neque

317 1341 358 1405 ed
372 1341 433 1406 hoc
447 1343 677 1428 phaenomenon
693 1343 913 1429 explicandum
927 1345 974 1408 vis
988 1345 1053 1408 ulle
1069 1355 1199 1408 externa
1213 1343 1303 1407 etium
1319 1363 1403 1404 nunc
1417 1341 1532 1408 durans
1548 1365 1597 1408 re-

316 1448 464 1534 quiratur.
510 1449 621 1537 Longe
642 1450 731 1514 aliter
745 1474 778 1516 se
793 1474 842 1516 res
857 1451 959 1529 habet,
984 1453 1010 1515 si
1031 1464 1134 1514 motus
1156 1462 1348 1536 proponatur
1363 1471 1463 1536 neque
1479 1451 1597 1514 unisor-

314 1554 383 1636 mis,
411 1577 512 1640 neque
537 1555 570 1617 in
599 1554 752 1620 directum
780 1557 964 1642 procedens,
996 1555 1168 1641 cujusmodi
1194 1568 1242 1620 est
1269 1568 1372 1619 motus
1400 1551 1597 1640 planetarum

313 1663 490 1748 periodicas
505 1663 587 1727 circa
603 1663 727 1730 Solem:
750 1665 810 1729 hoc
828 1665 911 1730 enim
927 1689 999 1730 casu
1018 1665 1145 1730 minime
1160 1667 1271 1730 sufficit
1285 1689 1322 1731 es
1335 1667 1391 1745 vis,
1416 1689 1486 1752 quae
1507 1667 1595 1730 initio

312 1771 452 1857 planetas
477 1773 518 1837 ad
539 1773 713 1840 istiusmodi
734 1788 836 1840 motus
858 1777 1024 1863 impulerit,
1048 1777 1102 1868 sed
1123 1777 1275 1864 perpetud
1297 1800 1387 1842 novae
1408 1779 1521 1842 virium
1543 1801 1595 1844 ac·

313 1881 413 1945 tiones
435 1883 644 1967 requiruntur,
668 1884 813 1969 aquibus
828 1897 892 1947 tam
906 1885 1045 1948 celeritas
1061 1881 1154 1969 quem
1170 1885 1298 1948 directio
1313 1881 1460 1948 continud
1482 1885 1594 1948 immu-

312 1999 411 2050 tetur:
448 2010 518 2072 quae
539 1989 630 2067 vires,
657 1987 751 2075 qudm
773 1989 909 2075 primum
930 2003 1095 2068 cessarent,
1112 1988 1214 2054 subiti)
1229 1991 1362 2074 planetae
1384 1991 1499 2054 orbitas
1521 2014 1592 2054 suas

313 2094 501 2174 desererent,
525 2108 617 2184 atque
639 2099 838 2163 indirectum
853 2111 940 2162 motu
954 2098 1099 2184 oequabili
1120 2097 1286 2161 avolarent
1335 2095 1432 2174 Qudd
1446 2099 1473 2162 si
1496 2099 1592 2185 igitur
1678 2115 1683 2126 ¹

280 2248 284 2259 ·
311 2199 541 2286 phoenomenon
564 2203 771 2291 quodcunque
792 2217 913 2268 naturae
937 2218 1140 2290 proponatur,
1166 2203 1238 2268 aute
1263 2205 1367 2274 omnia
1391 2205 1520 2270 sollicite
1544 2218 1593 2270 est

314 2312 543 2398 inquirendum,
566 2315 607 2378 ad
629 2315 786 2400 quodnam
808 2338 907 2402 genus
922 2315 955 2379 id
968 2316 1122 2401 pertineat
1135 2327 1228 2400 atque
1243 2327 1347 2377 utrum
1362 2337 1455 2377 causa
1468 2315 1500 2376 iu
1516 2317 1591 2378 viri-

312 2419 370 2486 bus
396 2421 532 2485 externis
558 2423 597 2486 sit
622 2423 800 2510 quaerenda,
831 2445 871 2486 au
900 2424 933 2487 in
962 2423 1030 2508 ipso
1055 2423 1194 2508 subjecto
1220 2421 1375 2506 corpore?
1411 2423 1592 2498 Quinetiam

312 2527 526 2612 sepenumero
547 2551 606 2592 usu
627 2531 732 2594 venire
753 2542 865 2615 potest,
889 2543 924 2595 ut
948 2531 1073 2594 effectus
1095 2531 1255 2615 utriusque
1280 2529 1402 2616 generis
1427 2531 1460 2592 in
1481 2531 1592 2595 eodem

310 2633 519 2720 phaenomeno
540 2635 674 2701 multtlm
695 2637 756 2700 sint
770 2638 852 2702 inter
868 2660 901 2701 se
914 2637 1080 2721 permixti3
1103 2659 1165 2722 quo
1181 2659 1253 2700 casu
1269 2657 1390 2698 summo
1405 2636 1507 2700 studio
1528 2636 1549 2699 ii
1571 2661 1591 2700 a

311 2741 502 2806 seinvicem
528 2741 662 2808 discerni
691 2743 762 2807 ante
791 2744 958 2821 debebunt,
989 2741 1082 2828 quim
1107 2763 1268 2805 causarum
1301 2741 1494 2828 investigatio
1523 2763 1591 2806 sus-

310 2849 452 2934 cipiatur.

354 2962 377 3040 t.
394 2967 423 3020 3.
449 2956 511 3022 His
534 2955 592 3021 rite
612 2960 773 3043 perpensis
795 2958 960 3042 explicatio
983 2959 1105 3036 Galilei,
1132 2981 1224 3045 quem
1247 2959 1278 3021 in
1301 2959 1364 3022 suis
1385 2957 1527 3045 Dialogis
1549 2958 1590 3022 de

310 3061 405 3129 AEstu
422 3063 522 3126 Maris
538 3065 695 3152 assignare
710 3076 757 3128 est
771 3078 909 3141 conatus,
925 3087 1000 3128 mox
1014 3065 1149 3129 concidit
1158 3089 1168 3141 3
1188 3066 1309 3150 putavit
1323 3065 1405 3130 enim
1419 3066 1537 3128 fluxum
1553 3088 1590 3129 ac

310 3173 464 3238 refluxum
479 3174 572 3238 maris
587 3171 709 3238 tantdm
724 3199 743 3239 a
756 3173 890 3238 motibus
907 3173 1016 3238 Terrae
1031 3176 1179 3237 rotatorio
1191 3175 1273 3238 circa
1283 3195 1374 3236 axem
1385 3185 1417 3236 et
1430 3173 1590 3258 periodioo

310 3283 393 3348 circa
411 3283 516 3350 Solem
531 3285 615 3364 oriri,
638 3306 741 3371 neque
754 3285 821 3348 aliis
836 3284 951 3349 viribus
965 3285 1060 3349 tribui
1079 3301 1233 3370 oportere,
1255 3284 1315 3347 nisi
1330 3303 1400 3369 quur
1414 3283 1472 3346 hos
1487 3297 1589 3348 motus

309 3387 376 3460 tdrn
391 3392 575 3476 producant,
591 3392 663 3456 edm
678 3405 867 3458 conservent.
912 3393 1056 3479 Namque
1071 3393 1097 3456 si
1110 3415 1267 3484 ponamus·
1274 3391 1407 3456 Terram
1421 3391 1488 3455 solo
1502 3404 1589 3455 motu

310 3499 423 3566 diurno
447 3523 514 3564 esse
536 3502 710 3586 praeditem,
735 3503 793 3566 iste
817 3515 920 3566 motus
943 3525 1028 3566 mare
1052 3503 1141 3566 aliter
1165 3525 1229 3566 non
1251 3493 1372 3580 alliciet,
1395 3502 1455 3566 nisi
1476 3502 1509 3565 id
1531 3501 1589 3565 sub

308 3619 467 3692 arquatore
481 3607 660 3686 attollendo,
683 3631 723 3672 ex
738 3632 800 3694 quo
815 3609 917 3696 figura
939 3607 1049 3672 Terrae
1064 3607 1268 3692 sphaeroidica
1290 3629 1467 3694 compressa
1488 3607 1590 3702 nasci·

309 3729 371 3792 tur,
395 3727 497 3780 motus
520 3717 594 3782 verd
609 3720 785 3803 reciprocus
808 3718 841 3781 in
863 3719 941 3781 mari
962 3717 1089 3781 omuind
1104 3717 1206 3782 nullus
1221 3717 1295 3781 hinc
1309 3717 1451 3805 generari
1464 3716 1588 3801 poterit.

310 3819 408 3898 Qudd
422 3823 449 3886 si
471 3836 573 3888 autem
589 3824 699 3889 Terrae
713 3825 841 3908 insuper
854 3837 973 3888 motum
987 3825 1172 3910 aequabilem
1192 3826 1224 3888 in
1239 3825 1390 3889 directum
1406 3825 1588 3902 tribuamus,

306 3931 415 4016 priora
430 3931 638 4018 phaenomena
651 3934 738 3996 nullo
753 3935 847 3998 modo
862 3934 1043 4011 efficientur,
1066 3935 1122 3998 sed
1142 3935 1269 4020 prorstls
1285 3935 1393 4000 eadem
1408 3935 1588 4012 manebunt,

308 4029 573 4124 quemadmodum
595 4063 636 4106 ex
655 4043 815 4129 principiis
829 4043 1018 4108 mechanicis
1034 4045 1200 4110 clarissime
1221 4047 1354 4130 perspici
1374 4046 1456 4123 licet,
1476 4047 1589 4133 quibus

308 4159 429 4212 constat
442 4162 562 4214 motum
577 4151 763 4218 uniformem
777 4155 810 4218 in
825 4155 976 4220 directum
991 4155 1134 4218 omnibus
1149 4153 1288 4240 partibus
1304 4155 1475 4238 systematis
1487 4155 1589 4239 cujus·

217 4305 219 4310 .
309 4275 433 4340 cunque
458 4277 624 4340 corporum
650 4261 810 4346 aequuliter
835 4262 1019 4347 impressum
1042 4261 1160 4324 nullam
1185 4257 1313 4322 omnind
1332 4261 1535 4324 mutationem
1556 4259 1590 4324 in

307 4375 393 4428 motu
416 4377 449 4428 et
470 4366 530 4434 situ
551 4369 687 4452 partium
706 4369 833 4434 relativo
855 4371 978 4436 inferre.
1023 4371 1126 4436 Abest
1140 4391 1224 4434 nunc
1239 4382 1341 4434 motus
1357 4370 1414 4434 iste
1429 4369 1589 4456 aequabilis

308 4469 418 4534 Terrae
432 4473 465 4536 iu
480 4474 632 4540 directum
647 4478 815 4562 impressus
830 4479 863 4542 in
875 4479 1055 4544 circularem
1067 4479 1115 4542 vel
1130 4477 1299 4561 ellipticum
1313 4500 1370 4562 per
1385 4479 1465 4542 vires
1477 4479 1589 4564 quibus

301 4579 410 4646 Terra
429 4584 582 4668 perpetud
603 4587 644 4650 ad
668 4587 773 4651 Solem
796 4603 940 4675 urgetur;
964 4609 1001 4651 ac
1022 4609 1062 4650 ne
1081 4587 1142 4650 hoc
1157 4587 1282 4673 quidem
1298 4610 1371 4650 casu
1386 4585 1467 4650 ullus
1487 4599 1590 4650 motus

305 4689 484 4774 reciprocus
507 4693 540 4756 iu
565 4696 644 4760 mari
667 4697 798 4782 produci
824 4697 958 4782 poterit3
982 4696 1066 4782 quod
1088 4694 1157 4760 clun
1178 4720 1235 4782 per
1257 4721 1289 4762 sc
1311 4711 1358 4762 est
1378 4697 1589 4782 perspicuum,

307 4795 376 4864 tdm
391 4795 483 4860 etiem
503 4799 543 4862 ab
566 4800 634 4884 ipso
650 4803 774 4868 Gulileo
788 4825 852 4868 non
867 4805 1027 4868 statuitur:
1051 4804 1117 4889 ipse
1131 4805 1213 4870 enim
1228 4826 1293 4869 non
1308 4801 1372 4868 tim
1387 4827 1428 4870 ex
1440 4804 1591 4868 mixtione
