<?xml version="1.0" encoding="UTF-8"?>
<!DOCTYPE html PUBLIC "-//W3C//DTD XHTML 1.0 Transitional//EN"
    "http://www.w3.org/TR/xhtml1/DTD/xhtml1-transitional.dtd">
<html xmlns="http://www.w3.org/1999/xhtml" xml:lang="en" lang="en">
 <head>
  <title>
</title>
<meta http-equiv="Content-Type" content="text/html;charset=utf-8" />
  <meta name='ocr-system' content='tesseract 3.04.00' />
  <meta name='ocr-capabilities' content='ocr_page ocr_carea ocr_par ocr_line ocrx_word'/>
</head>
<body>
  <div class='ocr_page' id='page_1' title='image "./philosophinatur03wriggoog_0297.png"; bbox 0 0 3516 5870; ppageno 0'>
   <div class='ocr_carea' id='block_1_1' title="bbox 303 442 1476 606">
    <p class='ocr_par' dir='ltr' id='par_1_1' title="bbox 303 442 1476 606">
     <span class='ocr_line' id='line_1_1' title="bbox 303 442 1476 606; baseline -0.009 -38"><span class='ocrx_word' id='word_1_1' title='bbox 303 509 366 568; x_wconf 72' lang='lat' dir='ltr'>aso</span> <span class='ocrx_word' id='word_1_2' title='bbox 550 495 816 576; x_wconf 80' lang='lat' dir='ltr'>muursrno</span> <span class='ocrx_word' id='word_1_3' title='bbox 839 442 1043 562; x_wconf 74' lang='lat' dir='ltr'>Pnrsroa</span> <span class='ocrx_word' id='word_1_4' title='bbox 1066 492 1116 560; x_wconf 83' lang='lat' dir='ltr'>m</span> <span class='ocrx_word' id='word_1_5' title='bbox 1140 491 1361 606; x_wconf 31' lang='lat' dir='ltr'>causan·</span> <span class='ocrx_word' id='word_1_6' title='bbox 1470 571 1476 582; x_wconf 49' lang='lat'>‚</span> 
     </span>
    </p>
   </div>
   <div class='ocr_carea' id='block_1_2' title="bbox 279 667 1585 2808">
    <p class='ocr_par' dir='ltr' id='par_1_2' title="bbox 299 667 1584 1406">
     <span class='ocr_line' id='line_1_2' title="bbox 302 667 1581 760; baseline -0.008 -20"><span class='ocrx_word' id='word_1_7' title='bbox 302 675 390 760; x_wconf 80' lang='lat' dir='ltr'>cujus</span> <span class='ocrx_word' id='word_1_8' title='bbox 404 673 571 758; x_wconf 56' lang='lat' dir='ltr'>&amp;plicatio</span> <span class='ocrx_word' id='word_1_9' title='bbox 583 693 660 736; x_wconf 86' lang='lat' dir='ltr'>mox</span> <span class='ocrx_word' id='word_1_10' title='bbox 674 673 747 736; x_wconf 85' lang='lat' dir='ltr'>satis</span> <span class='ocrx_word' id='word_1_11' title='bbox 761 669 897 736; x_wconf 71' lang='lat' dir='ltr'>dilucide</span> <span class='ocrx_word' id='word_1_12' title='bbox 912 683 960 734; x_wconf 86' lang='lat' dir='ltr'>est</span> <span class='ocrx_word' id='word_1_13' title='bbox 973 671 1128 736; x_wconf 85' lang='lat' dir='ltr'>subverse.</span> <span class='ocrx_word' id='word_1_14' title='bbox 1175 671 1323 754; x_wconf 84' lang='lat' dir='ltr'>Superest</span> <span class='ocrx_word' id='word_1_15' title='bbox 1336 668 1469 754; x_wconf 87' lang='lat' dir='ltr'>denique</span> <span class='ocrx_word' id='word_1_16' title='bbox 1488 667 1581 734; x_wconf 88' lang='lat' dir='ltr'>New·</span> 
     </span>
     <span class='ocr_line' id='line_1_3' title="bbox 301 776 1584 868; baseline -0.006 -21"><span class='ocrx_word' id='word_1_17' title='bbox 301 783 369 848; x_wconf 89' lang='lat' dir='ltr'>toni</span> <span class='ocrx_word' id='word_1_18' title='bbox 394 782 523 859; x_wconf 82' lang='lat' dir='ltr'>tlreoria,</span> <span class='ocrx_word' id='word_1_19' title='bbox 546 803 617 868; x_wconf 78' lang='lat' dir='ltr'>quae</span> <span class='ocrx_word' id='word_1_20' title='bbox 643 781 766 846; x_wconf 89' lang='lat' dir='ltr'>nemine</span> <span class='ocrx_word' id='word_1_21' title='bbox 792 781 1022 845; x_wconf 75' lang='lat' dir='ltr'><strong>contradicente</strong></span> <span class='ocrx_word' id='word_1_22' title='bbox 1050 779 1264 864; x_wconf 72' lang='lat' dir='ltr'>phaenomenis</span> <span class='ocrx_word' id='word_1_23' title='bbox 1288 776 1387 842; x_wconf 81' lang='lat' dir='ltr'>multd</span> <span class='ocrx_word' id='word_1_24' title='bbox 1411 778 1509 864; x_wconf 86' lang='lat' dir='ltr'>magis</span> <span class='ocrx_word' id='word_1_25' title='bbox 1534 791 1584 840; x_wconf 81' lang='lat' dir='ltr'>est</span> 
     </span>
     <span class='ocr_line' id='line_1_4' title="bbox 301 885 1584 975; baseline -0.007 -17"><span class='ocrx_word' id='word_1_26' title='bbox 301 905 527 960; x_wconf 82' lang='lat' dir='ltr'>consentanea:</span> <span class='ocrx_word' id='word_1_27' title='bbox 555 907 588 956; x_wconf 88' lang='lat' dir='ltr'>at</span> <span class='ocrx_word' id='word_1_28' title='bbox 604 893 637 954; x_wconf 92' lang='lat' dir='ltr'>iu</span> <span class='ocrx_word' id='word_1_29' title='bbox 658 914 696 954; x_wconf 86' lang='lat' dir='ltr'>ea</span> <span class='ocrx_word' id='word_1_30' title='bbox 717 889 749 954; x_wconf 94' lang='lat' dir='ltr'>id</span> <span class='ocrx_word' id='word_1_31' title='bbox 771 891 873 975; x_wconf 88' lang='lat' dir='ltr'>ipsum</span> <span class='ocrx_word' id='word_1_32' title='bbox 894 889 979 975; x_wconf 89' lang='lat' dir='ltr'>quod</span> <span class='ocrx_word' id='word_1_33' title='bbox 1001 887 1061 952; x_wconf 91' lang='lat' dir='ltr'>hoc</span> <span class='ocrx_word' id='word_1_34' title='bbox 1083 888 1153 954; x_wconf 91' lang='lat' dir='ltr'>loco</span> <span class='ocrx_word' id='word_1_35' title='bbox 1174 887 1448 973; x_wconf 63' lang='lat' dir='ltr'>quaeritarem</span> <span class='ocrx_word' id='word_1_36' title='bbox 1467 885 1584 950; x_wconf 70' lang='lat' dir='ltr'>salices</span> 
     </span>
     <span class='ocr_line' id='line_1_5' title="bbox 299 979 1583 1088; baseline -0.008 -22"><span class='ocrx_word' id='word_1_37' title='bbox 299 1003 437 1088; x_wconf 85' lang='lat' dir='ltr'>physica,</span> <span class='ocrx_word' id='word_1_38' title='bbox 461 1024 526 1066; x_wconf 93' lang='lat' dir='ltr'>non</span> <span class='ocrx_word' id='word_1_39' title='bbox 547 1002 731 1088; x_wconf 82' lang='lat' dir='ltr'>assignatur,</span> <span class='ocrx_word' id='word_1_40' title='bbox 754 1000 811 1064; x_wconf 91' lang='lat' dir='ltr'>sed</span> <span class='ocrx_word' id='word_1_41' title='bbox 831 998 935 1084; x_wconf 80' lang='lat' dir='ltr'>potiris</span> <span class='ocrx_word' id='word_1_42' title='bbox 958 997 999 1062; x_wconf 85' lang='lat' dir='ltr'>ed</span> <span class='ocrx_word' id='word_1_43' title='bbox 1020 997 1182 1084; x_wconf 68' lang='lat' dir='ltr'>qualitates</span> <span class='ocrx_word' id='word_1_44' title='bbox 1206 979 1343 1062; x_wconf 67' lang='lat' dir='ltr'>occultu</span> <span class='ocrx_word' id='word_1_45' title='bbox 1368 993 1477 1060; x_wconf 80' lang='lat' dir='ltr'>referri</span> <span class='ocrx_word' id='word_1_46' title='bbox 1497 993 1583 1058; x_wconf 85' lang='lat' dir='ltr'>vide-</span> 
     </span>
     <span class='ocr_line' id='line_1_6' title="bbox 300 1099 1583 1191; baseline -0.007 -16"><span class='ocrx_word' id='word_1_47' title='bbox 300 1123 371 1187; x_wconf 77' lang='lat' dir='ltr'>tur3</span> <span class='ocrx_word' id='word_1_48' title='bbox 393 1109 518 1174; x_wconf 77' lang='lat' dir='ltr'>interim</span> <span class='ocrx_word' id='word_1_49' title='bbox 538 1121 643 1172; x_wconf 90' lang='lat' dir='ltr'>tamen</span> <span class='ocrx_word' id='word_1_50' title='bbox 664 1129 705 1172; x_wconf 89' lang='lat' dir='ltr'>ne</span> <span class='ocrx_word' id='word_1_51' title='bbox 726 1105 795 1170; x_wconf 80' lang='lat' dir='ltr'>haec</span> <span class='ocrx_word' id='word_1_52' title='bbox 816 1105 942 1191; x_wconf 80' lang='lat' dir='ltr'>quidem</span> <span class='ocrx_word' id='word_1_53' title='bbox 963 1105 1086 1168; x_wconf 77' lang='lat' dir='ltr'>theoria</span> <span class='ocrx_word' id='word_1_54' title='bbox 1105 1103 1178 1174; x_wconf 85' lang='lat' dir='ltr'>eatis</span> <span class='ocrx_word' id='word_1_55' title='bbox 1197 1114 1246 1166; x_wconf 85' lang='lat' dir='ltr'>est</span> <span class='ocrx_word' id='word_1_56' title='bbox 1258 1102 1392 1178; x_wconf 82' lang='lat' dir='ltr'>evoluta,</span> <span class='ocrx_word' id='word_1_57' title='bbox 1413 1099 1503 1164; x_wconf 87' lang='lat' dir='ltr'>utde</span> <span class='ocrx_word' id='word_1_58' title='bbox 1516 1103 1583 1186; x_wconf 79' lang='lat' dir='ltr'>ejus</span> 
     </span>
     <span class='ocr_line' id='line_1_7' title="bbox 302 1207 1583 1293; baseline -0.005 -13"><span class='ocrx_word' id='word_1_59' title='bbox 302 1216 367 1282; x_wconf 87' lang='lat' dir='ltr'>eive</span> <span class='ocrx_word' id='word_1_60' title='bbox 390 1237 541 1280; x_wconf 85' lang='lat' dir='ltr'>consensu</span> <span class='ocrx_word' id='word_1_61' title='bbox 567 1215 631 1280; x_wconf 86' lang='lat' dir='ltr'>sive</span> <span class='ocrx_word' id='word_1_62' title='bbox 655 1213 798 1278; x_wconf 76' lang='lat' dir='ltr'>dissensu</span> <span class='ocrx_word' id='word_1_63' title='bbox 824 1231 896 1276; x_wconf 82' lang='lat' dir='ltr'>eunt</span> <span class='ocrx_word' id='word_1_64' title='bbox 918 1209 1184 1278; x_wconf 70' lang='lat' dir='ltr'>obseruationibus</span> <span class='ocrx_word' id='word_1_65' title='bbox 1204 1207 1358 1293; x_wconf 70' lang='lat' dir='ltr'>judium</span> <span class='ocrx_word' id='word_1_66' title='bbox 1383 1207 1457 1272; x_wconf 76' lang='lat' dir='ltr'>setis</span> <span class='ocrx_word' id='word_1_67' title='bbox 1482 1217 1583 1274; x_wconf 86' lang='lat' dir='ltr'>tutum</span> 
     </span>
     <span class='ocr_line' id='line_1_8' title="bbox 301 1321 495 1406; baseline 0.01 -22"><span class='ocrx_word' id='word_1_68' title='bbox 301 1321 376 1386; x_wconf 80' lang='lat' dir='ltr'>ferri</span> <span class='ocrx_word' id='word_1_69' title='bbox 393 1336 495 1406; x_wconf 87' lang='lat' dir='ltr'>queat.</span> 
     </span>
    </p>

    <p class='ocr_par' dir='ltr' id='par_1_3' title="bbox 300 1425 1584 2591">
     <span class='ocr_line' id='line_1_9' title="bbox 344 1425 1582 1516; baseline -0.006 -20"><span class='ocrx_word' id='word_1_70' title='bbox 344 1437 367 1512; x_wconf 70' lang='lat' dir='ltr'>t.</span> <span class='ocrx_word' id='word_1_71' title='bbox 386 1439 417 1496; x_wconf 83' lang='grc'>6.</span> <span class='ocrx_word' id='word_1_72' title='bbox 445 1427 529 1493; x_wconf 75' lang='lat' dir='ltr'>de</span> <span class='ocrx_word' id='word_1_73' title='bbox 553 1427 648 1516; x_wconf 87' lang='lat' dir='ltr'>igitur</span> <span class='ocrx_word' id='word_1_74' title='bbox 671 1429 802 1494; x_wconf 91' lang='lat' dir='ltr'>dubium</span> <span class='ocrx_word' id='word_1_75' title='bbox 827 1429 867 1494; x_wconf 89' lang='lat' dir='ltr'>sit</span> <span class='ocrx_word' id='word_1_76' title='bbox 891 1429 1024 1506; x_wconf 84' lang='lat' dir='ltr'>nullum,</span> <span class='ocrx_word' id='word_1_77' title='bbox 1045 1429 1121 1516; x_wconf 86' lang='lat' dir='ltr'>quin</span> <span class='ocrx_word' id='word_1_78' title='bbox 1141 1425 1248 1493; x_wconf 76' lang='lat' dir='ltr'>fluxus</span> <span class='ocrx_word' id='word_1_79' title='bbox 1267 1449 1306 1494; x_wconf 84' lang='lat' dir='ltr'>ec</span> <span class='ocrx_word' id='word_1_80' title='bbox 1326 1425 1465 1491; x_wconf 76' lang='lat' dir='ltr'>refluxus</span> <span class='ocrx_word' id='word_1_81' title='bbox 1488 1425 1582 1489; x_wconf 68' lang='lat' dir='ltr'>marm</span> 
     </span>
     <span class='ocr_line' id='line_1_10' title="bbox 301 1529 1583 1622; baseline -0.008 -18"><span class='ocrx_word' id='word_1_82' title='bbox 301 1557 395 1604; x_wconf 70' lang='lat' dir='ltr'>muse</span> <span class='ocrx_word' id='word_1_83' title='bbox 416 1539 449 1602; x_wconf 90' lang='lat' dir='ltr'>in</span> <span class='ocrx_word' id='word_1_84' title='bbox 470 1537 588 1602; x_wconf 81' lang='lat' dir='ltr'>viribus</span> <span class='ocrx_word' id='word_1_85' title='bbox 609 1537 745 1602; x_wconf 83' lang='lat' dir='ltr'>externis</span> <span class='ocrx_word' id='word_1_86' title='bbox 766 1549 797 1602; x_wconf 90' lang='lat' dir='ltr'>et</span> <span class='ocrx_word' id='word_1_87' title='bbox 817 1535 952 1602; x_wconf 65' lang='lat' dir='ltr'>recubus</span> <span class='ocrx_word' id='word_1_88' title='bbox 974 1537 1015 1602; x_wconf 91' lang='lat' dir='ltr'>sit</span> <span class='ocrx_word' id='word_1_89' title='bbox 1034 1537 1145 1622; x_wconf 81' lang='lat' dir='ltr'>posita,</span> <span class='ocrx_word' id='word_1_90' title='bbox 1168 1555 1239 1622; x_wconf 64' lang='lat' dir='ltr'>qun</span> <span class='ocrx_word' id='word_1_91' title='bbox 1259 1536 1286 1600; x_wconf 89' lang='lat' dir='ltr'>si</span> <span class='ocrx_word' id='word_1_92' title='bbox 1305 1545 1469 1610; x_wconf 70' lang='lat' dir='ltr'>oessment,</span> <span class='ocrx_word' id='word_1_93' title='bbox 1492 1529 1583 1596; x_wconf 88' lang='lat' dir='ltr'>simul</span> 
     </span>
     <span class='ocr_line' id='line_1_11' title="bbox 300 1640 1584 1726; baseline -0.008 -16"><span class='ocrx_word' id='word_1_94' title='bbox 300 1657 395 1710; x_wconf 75' lang='lat' dir='ltr'>esau</span> <span class='ocrx_word' id='word_1_95' title='bbox 409 1645 504 1706; x_wconf 89' lang='lat' dir='ltr'>maris</span> <span class='ocrx_word' id='word_1_96' title='bbox 518 1664 593 1706; x_wconf 86' lang='lat' dir='ltr'>mox</span> <span class='ocrx_word' id='word_1_97' title='bbox 607 1655 813 1720; x_wconf 73' lang='lat' dir='ltr'>evanesceret,</span> <span class='ocrx_word' id='word_1_98' title='bbox 836 1643 890 1706; x_wconf 90' lang='lat' dir='ltr'>ubi</span> <span class='ocrx_word' id='word_1_99' title='bbox 911 1643 1027 1706; x_wconf 87' lang='lat' dir='ltr'>lateant</span> <span class='ocrx_word' id='word_1_100' title='bbox 1046 1642 1097 1708; x_wconf 76' lang='lat' dir='ltr'>lrn</span> <span class='ocrx_word' id='word_1_101' title='bbox 1110 1641 1191 1706; x_wconf 79' lang='lat' dir='ltr'>vires</span> <span class='ocrx_word' id='word_1_102' title='bbox 1206 1651 1238 1706; x_wconf 91' lang='lat' dir='ltr'>et</span> <span class='ocrx_word' id='word_1_103' title='bbox 1250 1640 1409 1726; x_wconf 89' lang='lat' dir='ltr'>quomodo</span> <span class='ocrx_word' id='word_1_104' title='bbox 1424 1641 1486 1702; x_wconf 86' lang='lat' dir='ltr'>sint</span> <span class='ocrx_word' id='word_1_105' title='bbox 1499 1659 1584 1702; x_wconf 88' lang='lat' dir='ltr'>com·</span> 
     </span>
     <span class='ocr_line' id='line_1_12' title="bbox 302 1745 1584 1837; baseline -0.003 -23"><span class='ocrx_word' id='word_1_106' title='bbox 302 1764 421 1837; x_wconf 79' lang='lat' dir='ltr'>paratae</span> <span class='ocrx_word' id='word_1_107' title='bbox 441 1749 638 1834; x_wconf 76' lang='lat' dir='ltr'>potissimum</span> <span class='ocrx_word' id='word_1_108' title='bbox 659 1749 749 1814; x_wconf 69' lang='lat' dir='ltr'>:robis</span> <span class='ocrx_word' id='word_1_109' title='bbox 764 1751 823 1816; x_wconf 88' lang='lat' dir='ltr'>erit</span> <span class='ocrx_word' id='word_1_110' title='bbox 836 1751 1065 1835; x_wconf 83' lang='lat' dir='ltr'>explicandum,</span> <span class='ocrx_word' id='word_1_111' title='bbox 1088 1749 1149 1816; x_wconf 89' lang='lat' dir='ltr'>hoc</span> <span class='ocrx_word' id='word_1_112' title='bbox 1163 1749 1246 1814; x_wconf 83' lang='lat' dir='ltr'>enim</span> <span class='ocrx_word' id='word_1_113' title='bbox 1261 1749 1355 1813; x_wconf 83' lang='lat' dir='ltr'>estid</span> <span class='ocrx_word' id='word_1_114' title='bbox 1369 1749 1483 1833; x_wconf 86' lang='lat' dir='ltr'>ipsum,</span> <span class='ocrx_word' id='word_1_115' title='bbox 1498 1745 1584 1833; x_wconf 90' lang='lat' dir='ltr'>quod</span> 
     </span>
     <span class='ocr_line' id='line_1_13' title="bbox 302 1855 1582 1946; baseline -0.005 -20"><span class='ocrx_word' id='word_1_116' title='bbox 302 1860 504 1926; x_wconf 82' lang='lat' dir='ltr'>celeberrima</span> <span class='ocrx_word' id='word_1_117' title='bbox 516 1859 687 1924; x_wconf 81' lang='lat' dir='ltr'>Academia</span> <span class='ocrx_word' id='word_1_118' title='bbox 703 1859 909 1925; x_wconf 80' lang='lat' dir='ltr'>scientiarum</span> <span class='ocrx_word' id='word_1_119' title='bbox 926 1860 1028 1946; x_wconf 84' lang='lat' dir='ltr'>Regia</span> <span class='ocrx_word' id='word_1_120' title='bbox 1042 1857 1257 1946; x_wconf 72' lang='lat' dir='ltr'>inquestione</span> <span class='ocrx_word' id='word_1_121' title='bbox 1272 1855 1430 1942; x_wconf 72' lang='lat' dir='ltr'>propositi</span> <span class='ocrx_word' id='word_1_122' title='bbox 1445 1856 1582 1941; x_wconf 81' lang='lat' dir='ltr'>requirit.</span> 
     </span>
     <span class='ocr_line' id='line_1_14' title="bbox 302 1961 1584 2052; baseline -0.003 -22"><span class='ocrx_word' id='word_1_123' title='bbox 302 1966 417 2052; x_wconf 80' lang='lat' dir='ltr'>Neque</span> <span class='ocrx_word' id='word_1_124' title='bbox 439 1963 514 2030; x_wconf 74' lang='lat' dir='ltr'>rard</span> <span class='ocrx_word' id='word_1_125' title='bbox 539 1965 620 2034; x_wconf 81' lang='lat' dir='ltr'>vires</span> <span class='ocrx_word' id='word_1_126' title='bbox 644 1965 861 2030; x_wconf 69' lang='lat' dir='ltr'>tantummode</span> <span class='ocrx_word' id='word_1_127' title='bbox 887 1965 1040 2030; x_wconf 74' lang='lat' dir='ltr'>indicasse</span> <span class='ocrx_word' id='word_1_128' title='bbox 1068 1965 1207 2040; x_wconf 81' lang='lat' dir='ltr'>sufficiet,</span> <span class='ocrx_word' id='word_1_129' title='bbox 1234 1961 1346 2028; x_wconf 83' lang='lat' dir='ltr'>verdm</span> <span class='ocrx_word' id='word_1_130' title='bbox 1374 1961 1525 2048; x_wconf 71' lang='lat' dir='ltr'>prestaret</span> <span class='ocrx_word' id='word_1_131' title='bbox 1549 1961 1584 2026; x_wconf 91' lang='lat' dir='ltr'>id</span> 
     </span>
     <span class='ocr_line' id='line_1_15' title="bbox 301 2073 1582 2162; baseline -0.003 -20"><span class='ocrx_word' id='word_1_132' title='bbox 301 2075 436 2142; x_wconf 74' lang='lat' dir='ltr'>maxime</span> <span class='ocrx_word' id='word_1_133' title='bbox 461 2077 520 2140; x_wconf 90' lang='lat' dir='ltr'>erit</span> <span class='ocrx_word' id='word_1_134' title='bbox 544 2077 791 2154; x_wconf 84' lang='lat' dir='ltr'>monstrandum,</span> <span class='ocrx_word' id='word_1_135' title='bbox 813 2076 970 2162; x_wconf 90' lang='lat' dir='ltr'>quomodo</span> <span class='ocrx_word' id='word_1_136' title='bbox 992 2077 1058 2142; x_wconf 78' lang='lat' dir='ltr'>istae</span> <span class='ocrx_word' id='word_1_137' title='bbox 1080 2077 1160 2140; x_wconf 83' lang='lat' dir='ltr'>vires</span> <span class='ocrx_word' id='word_1_138' title='bbox 1181 2086 1284 2161; x_wconf 84' lang='lat' dir='ltr'>agant,</span> <span class='ocrx_word' id='word_1_139' title='bbox 1307 2087 1400 2159; x_wconf 87' lang='lat' dir='ltr'>atque</span> <span class='ocrx_word' id='word_1_140' title='bbox 1421 2073 1478 2138; x_wconf 87' lang='lat' dir='ltr'>hos</span> <span class='ocrx_word' id='word_1_141' title='bbox 1499 2074 1582 2158; x_wconf 82' lang='lat' dir='ltr'>ipsos</span> 
     </span>
     <span class='ocr_line' id='line_1_16' title="bbox 302 2179 1582 2268; baseline -0.006 -18"><span class='ocrx_word' id='word_1_142' title='bbox 302 2181 437 2259; x_wconf 74' lang='lat' dir='ltr'>effectius,</span> <span class='ocrx_word' id='word_1_143' title='bbox 462 2203 540 2268; x_wconf 85' lang='lat' dir='ltr'>quos</span> <span class='ocrx_word' id='word_1_144' title='bbox 554 2183 766 2258; x_wconf 84' lang='lat' dir='ltr'>observamus,</span> <span class='ocrx_word' id='word_1_145' title='bbox 782 2203 847 2246; x_wconf 89' lang='lat' dir='ltr'>nou</span> <span class='ocrx_word' id='word_1_146' title='bbox 861 2181 936 2246; x_wconf 79' lang='lat' dir='ltr'>vero</span> <span class='ocrx_word' id='word_1_147' title='bbox 951 2182 1027 2246; x_wconf 85' lang='lat' dir='ltr'>ulios</span> <span class='ocrx_word' id='word_1_148' title='bbox 1040 2182 1235 2266; x_wconf 82' lang='lat' dir='ltr'>producaut3</span> <span class='ocrx_word' id='word_1_149' title='bbox 1258 2181 1292 2242; x_wconf 93' lang='lat' dir='ltr'>in</span> <span class='ocrx_word' id='word_1_150' title='bbox 1312 2179 1374 2242; x_wconf 89' lang='lat' dir='ltr'>hoc</span> <span class='ocrx_word' id='word_1_151' title='bbox 1393 2179 1475 2243; x_wconf 90' lang='lat' dir='ltr'>enim</span> <span class='ocrx_word' id='word_1_152' title='bbox 1490 2180 1582 2242; x_wconf 86' lang='lat' dir='ltr'>totius</span> 
     </span>
     <span class='ocr_line' id='line_1_17' title="bbox 301 2287 1583 2374; baseline -0.002 -22"><span class='ocrx_word' id='word_1_153' title='bbox 301 2287 480 2374; x_wconf 78' lang='lat' dir='ltr'>quaestionis</span> <span class='ocrx_word' id='word_1_154' title='bbox 502 2287 607 2364; x_wconf 82' lang='lat' dir='ltr'>cardo.</span> <span class='ocrx_word' id='word_1_155' title='bbox 630 2289 846 2372; x_wconf 75' lang='lat' dir='ltr'>explicationis</span> <span class='ocrx_word' id='word_1_156' title='bbox 867 2289 986 2353; x_wconf 88' lang='lat' dir='ltr'>scilicet</span> <span class='ocrx_word' id='word_1_157' title='bbox 1010 2289 1215 2366; x_wconf 83' lang='lat' dir='ltr'>confirmatio,</span> <span class='ocrx_word' id='word_1_158' title='bbox 1242 2287 1381 2352; x_wconf 88' lang='lat' dir='ltr'>vertitur.</span> <span class='ocrx_word' id='word_1_159' title='bbox 1427 2287 1583 2362; x_wconf 87' lang='lat' dir='ltr'>Quoniam</span> 
     </span>
     <span class='ocr_line' id='line_1_18' title="bbox 302 2393 1584 2482; baseline -0.005 -19"><span class='ocrx_word' id='word_1_160' title='bbox 302 2409 406 2463; x_wconf 78' lang='lat' dir='ltr'>sutem</span> <span class='ocrx_word' id='word_1_161' title='bbox 421 2394 605 2480; x_wconf 88' lang='lat' dir='ltr'>plerumque</span> <span class='ocrx_word' id='word_1_162' title='bbox 623 2393 765 2478; x_wconf 87' lang='lat' dir='ltr'>pluribus</span> <span class='ocrx_word' id='word_1_163' title='bbox 779 2395 898 2460; x_wconf 83' lang='lat' dir='ltr'>viribus</span> <span class='ocrx_word' id='word_1_164' title='bbox 912 2393 1125 2482; x_wconf 77' lang='lat' dir='ltr'>excogitandis</span> <span class='ocrx_word' id='word_1_165' title='bbox 1145 2395 1226 2458; x_wconf 85' lang='lat' dir='ltr'>idem</span> <span class='ocrx_word' id='word_1_166' title='bbox 1242 2395 1471 2478; x_wconf 82' lang='lat' dir='ltr'>phoenomeuou</span> <span class='ocrx_word' id='word_1_167' title='bbox 1484 2393 1584 2477; x_wconf 82' lang='lat' dir='ltr'>expli-</span> 
     </span>
     <span class='ocr_line' id='line_1_19' title="bbox 301 2502 1578 2591; baseline -0.007 -15"><span class='ocrx_word' id='word_1_168' title='bbox 301 2509 366 2576; x_wconf 81' lang='lat' dir='ltr'>cari</span> <span class='ocrx_word' id='word_1_169' title='bbox 379 2519 491 2591; x_wconf 83' lang='lat' dir='ltr'>potest,</span> <span class='ocrx_word' id='word_1_170' title='bbox 506 2505 643 2572; x_wconf 87' lang='lat' dir='ltr'>studium</span> <span class='ocrx_word' id='word_1_171' title='bbox 658 2504 869 2570; x_wconf 84' lang='lat' dir='ltr'>adhibendum</span> <span class='ocrx_word' id='word_1_172' title='bbox 884 2518 932 2570; x_wconf 91' lang='lat' dir='ltr'>est</span> <span class='ocrx_word' id='word_1_173' title='bbox 945 2525 1100 2570; x_wconf 87' lang='lat' dir='ltr'>summum</span> <span class='ocrx_word' id='word_1_174' title='bbox 1120 2505 1152 2570; x_wconf 89' lang='lat' dir='ltr'>in</span> <span class='ocrx_word' id='word_1_175' title='bbox 1173 2504 1233 2568; x_wconf 89' lang='lat' dir='ltr'>hec</span> <span class='ocrx_word' id='word_1_176' title='bbox 1254 2503 1461 2590; x_wconf 82' lang='lat' dir='ltr'>indagatione,</span> <span class='ocrx_word' id='word_1_177' title='bbox 1483 2521 1524 2566; x_wconf 90' lang='lat' dir='ltr'>ne</span> <span class='ocrx_word' id='word_1_178' title='bbox 1537 2502 1578 2567; x_wconf 87' lang='lat' dir='ltr'>ad</span> 
     </span>
    </p>

    <p class='ocr_par' dir='ltr' id='par_1_4' title="bbox 279 2615 1585 2808">
     <span class='ocr_line' id='line_1_20' title="bbox 279 2615 1585 2704; baseline -0.004 -22"><span class='ocrx_word' id='word_1_179' title='bbox 279 2617 380 2682; x_wconf 68' lang='lat' dir='ltr'>“vires</span> <span class='ocrx_word' id='word_1_180' title='bbox 403 2618 509 2682; x_wconf 88' lang='lat' dir='ltr'>inanes</span> <span class='ocrx_word' id='word_1_181' title='bbox 531 2629 624 2704; x_wconf 85' lang='lat' dir='ltr'>atque</span> <span class='ocrx_word' id='word_1_182' title='bbox 648 2616 845 2703; x_wconf 83' lang='lat' dir='ltr'>imaginarias</span> <span class='ocrx_word' id='word_1_183' title='bbox 868 2617 1058 2694; x_wconf 81' lang='lat' dir='ltr'>delebamm,</span> <span class='ocrx_word' id='word_1_184' title='bbox 1086 2617 1213 2704; x_wconf 79' lang='lat' dir='ltr'>quaein</span> <span class='ocrx_word' id='word_1_185' title='bbox 1239 2615 1358 2680; x_wconf 91' lang='lat' dir='ltr'>mundo</span> <span class='ocrx_word' id='word_1_186' title='bbox 1379 2635 1480 2700; x_wconf 92' lang='lat' dir='ltr'>neque</span> <span class='ocrx_word' id='word_1_187' title='bbox 1510 2627 1585 2678; x_wconf 88' lang='lat' dir='ltr'>sunt</span> 
     </span>
     <span class='ocr_line' id='line_1_21' title="bbox 300 2720 1578 2808; baseline -0.002 -22"><span class='ocrx_word' id='word_1_188' title='bbox 300 2743 402 2808; x_wconf 71' lang='lat' dir='ltr'>nuque</span> <span class='ocrx_word' id='word_1_189' title='bbox 416 2722 525 2786; x_wconf 85' lang='lat' dir='ltr'>-locurn</span> <span class='ocrx_word' id='word_1_190' title='bbox 547 2721 662 2788; x_wconf 84' lang='lat' dir='ltr'>habere</span> <span class='ocrx_word' id='word_1_191' title='bbox 683 2735 824 2806; x_wconf 81' lang='lat' dir='ltr'>possunt</span> <span class='ocrx_word' id='word_1_192' title='bbox 869 2723 987 2788; x_wconf 87' lang='lat' dir='ltr'>Parum</span> <span class='ocrx_word' id='word_1_193' title='bbox 1002 2723 1086 2788; x_wconf 89' lang='lat' dir='ltr'>euim</span> <span class='ocrx_word' id='word_1_194' title='bbox 1100 2721 1237 2786; x_wconf 65' lang='lat' dir='ltr'>edentia</span> <span class='ocrx_word' id='word_1_195' title='bbox 1250 2721 1382 2786; x_wconf 87' lang='lat' dir='ltr'>naturali</span> <span class='ocrx_word' id='word_1_196' title='bbox 1403 2720 1578 2796; x_wconf 89' lang='lat' dir='ltr'>consulunt,</span> 
     </span>
    </p>
   </div>
   <div class='ocr_carea' id='block_1_3' title="bbox 189 2828 1583 2916">
    <p class='ocr_par' dir='ltr' id='par_1_5' title="bbox 189 2828 1583 2916">
     <span class='ocr_line' id='line_1_22' title="bbox 189 2828 1583 2916; baseline 0.001 -26"><span class='ocrx_word' id='word_1_197' title='bbox 189 2871 197 2882; x_wconf 83' lang='lat'><em>·</em></span> <span class='ocrx_word' id='word_1_198' title='bbox 301 2829 353 2916; x_wconf 89' lang='lat' dir='ltr'>qui</span> <span class='ocrx_word' id='word_1_199' title='bbox 369 2828 479 2913; x_wconf 88' lang='lat' dir='ltr'>quovis</span> <span class='ocrx_word' id='word_1_200' title='bbox 492 2828 699 2911; x_wconf 82' lang='lat' dir='ltr'>phoenomeuo</span> <span class='ocrx_word' id='word_1_201' title='bbox 714 2828 820 2893; x_wconf 86' lang='lat' dir='ltr'>oblato</span> <span class='ocrx_word' id='word_1_202' title='bbox 835 2829 895 2892; x_wconf 90' lang='lat' dir='ltr'>sibi</span> <span class='ocrx_word' id='word_1_203' title='bbox 908 2851 968 2913; x_wconf 92' lang='lat' dir='ltr'>pro</span> <span class='ocrx_word' id='word_1_204' title='bbox 981 2830 1110 2894; x_wconf 85' lang='lat' dir='ltr'>arbitrio</span> <span class='ocrx_word' id='word_1_205' title='bbox 1121 2830 1230 2893; x_wconf 88' lang='lat' dir='ltr'>mundi</span> <span class='ocrx_word' id='word_1_206' title='bbox 1245 2841 1434 2894; x_wconf 72' lang='lat' dir='ltr'>succretam</span> <span class='ocrx_word' id='word_1_207' title='bbox 1448 2829 1583 2914; x_wconf 86' lang='lat' dir='ltr'>peculia·</span> 
     </span>
    </p>
   </div>
   <div class='ocr_carea' id='block_1_4' title="bbox 240 2934 1584 4847">
    <p class='ocr_par' dir='ltr' id='par_1_6' title="bbox 299 2934 1584 3342">
     <span class='ocr_line' id='line_1_23' title="bbox 300 2934 1578 3024; baseline 0 -22"><span class='ocrx_word' id='word_1_208' title='bbox 300 2957 366 3002; x_wconf 84' lang='lat' dir='ltr'>rem</span> <span class='ocrx_word' id='word_1_209' title='bbox 385 2934 546 3020; x_wconf 85' lang='lat' dir='ltr'>effingunt,</span> <span class='ocrx_word' id='word_1_210' title='bbox 569 2955 670 3021; x_wconf 90' lang='lat' dir='ltr'>neque</span> <span class='ocrx_word' id='word_1_211' title='bbox 685 2947 758 2998; x_wconf 89' lang='lat' dir='ltr'>sunt</span> <span class='ocrx_word' id='word_1_212' title='bbox 772 2934 903 3012; x_wconf 85' lang='lat' dir='ltr'>solliciti,</span> <span class='ocrx_word' id='word_1_213' title='bbox 926 2935 1030 3002; x_wconf 84' lang='lat' dir='ltr'>utrdm</span> <span class='ocrx_word' id='word_1_214' title='bbox 1045 2959 1083 3002; x_wconf 87' lang='lat' dir='ltr'>ee</span> <span class='ocrx_word' id='word_1_215' title='bbox 1097 2959 1262 3024; x_wconf 80' lang='lat' dir='ltr'>compages</span> <span class='ocrx_word' id='word_1_216' title='bbox 1277 2960 1348 3002; x_wconf 91' lang='lat' dir='ltr'>cum</span> <span class='ocrx_word' id='word_1_217' title='bbox 1363 2937 1430 3002; x_wconf 87' lang='lat' dir='ltr'>aliis</span> <span class='ocrx_word' id='word_1_218' title='bbox 1448 2937 1578 3021; x_wconf 77' lang='lat' dir='ltr'>phreno-</span> 
     </span>
     <span class='ocr_line' id='line_1_24' title="bbox 300 3041 1583 3128; baseline -0.002 -18"><span class='ocrx_word' id='word_1_219' title='bbox 300 3043 401 3110; x_wconf 84' lang='lat' dir='ltr'>menis</span> <span class='ocrx_word' id='word_1_220' title='bbox 420 3041 588 3106; x_wconf 81' lang='lat' dir='ltr'>consistere</span> <span class='ocrx_word' id='word_1_221' title='bbox 609 3055 711 3128; x_wconf 78' lang='lat' dir='ltr'>queat,</span> <span class='ocrx_word' id='word_1_222' title='bbox 735 3063 775 3106; x_wconf 86' lang='lat' dir='ltr'>an</span> <span class='ocrx_word' id='word_1_223' title='bbox 797 3041 871 3106; x_wconf 78' lang='lat' dir='ltr'>vero</span> <span class='ocrx_word' id='word_1_224' title='bbox 886 3041 985 3108; x_wconf 76' lang='lat' dir='ltr'>sectis.</span> <span class='ocrx_word' id='word_1_225' title='bbox 1032 3042 1130 3120; x_wconf 78' lang='lat' dir='ltr'>Quod</span> <span class='ocrx_word' id='word_1_226' title='bbox 1144 3044 1170 3107; x_wconf 87' lang='lat' dir='ltr'>si</span> <span class='ocrx_word' id='word_1_227' title='bbox 1184 3045 1267 3108; x_wconf 88' lang='lat' dir='ltr'>enim</span> <span class='ocrx_word' id='word_1_228' title='bbox 1283 3045 1349 3128; x_wconf 86' lang='lat' dir='ltr'>jam</span> <span class='ocrx_word' id='word_1_229' title='bbox 1365 3043 1491 3107; x_wconf 73' lang='lat' dir='ltr'>aliunde</span> <span class='ocrx_word' id='word_1_230' title='bbox 1506 3065 1583 3108; x_wconf 86' lang='lat' dir='ltr'>con·</span> 
     </span>
     <span class='ocr_line' id='line_1_25' title="bbox 299 3147 1584 3238; baseline -0.002 -22"><span class='ocrx_word' id='word_1_231' title='bbox 299 3167 359 3216; x_wconf 76' lang='lat' dir='ltr'>stat</span> <span class='ocrx_word' id='word_1_232' title='bbox 374 3150 506 3216; x_wconf 82' lang='lat' dir='ltr'>existere</span> <span class='ocrx_word' id='word_1_233' title='bbox 521 3149 554 3212; x_wconf 93' lang='lat' dir='ltr'>in</span> <span class='ocrx_word' id='word_1_234' title='bbox 568 3147 687 3214; x_wconf 88' lang='lat' dir='ltr'>mundo</span> <span class='ocrx_word' id='word_1_235' title='bbox 701 3148 851 3235; x_wconf 82' lang='lat' dir='ltr'>ejusmodi</span> <span class='ocrx_word' id='word_1_236' title='bbox 866 3149 957 3228; x_wconf 87' lang='lat' dir='ltr'>vires,</span> <span class='ocrx_word' id='word_1_237' title='bbox 970 3171 1041 3238; x_wconf 78' lang='lat' dir='ltr'>quse</span> <span class='ocrx_word' id='word_1_238' title='bbox 1054 3150 1160 3216; x_wconf 90' lang='lat' dir='ltr'>oblato</span> <span class='ocrx_word' id='word_1_239' title='bbox 1171 3151 1293 3214; x_wconf 85' lang='lat' dir='ltr'>effectui</span> <span class='ocrx_word' id='word_1_240' title='bbox 1307 3149 1510 3234; x_wconf 87' lang='lat' dir='ltr'>producendo</span> <span class='ocrx_word' id='word_1_241' title='bbox 1521 3151 1584 3214; x_wconf 90' lang='lat' dir='ltr'>sint</span> 
     </span>
     <span class='ocr_line' id='line_1_26' title="bbox 300 3253 1581 3342; baseline -0.002 -22"><span class='ocrx_word' id='word_1_242' title='bbox 300 3277 400 3340; x_wconf 85' lang='lat' dir='ltr'>pares,</span> <span class='ocrx_word' id='word_1_243' title='bbox 417 3253 530 3320; x_wconf 80' lang='lat' dir='ltr'>frustrd</span> <span class='ocrx_word' id='word_1_244' title='bbox 544 3277 636 3320; x_wconf 90' lang='lat' dir='ltr'>omne</span> <span class='ocrx_word' id='word_1_245' title='bbox 651 3255 789 3320; x_wconf 84' lang='lat' dir='ltr'>studium</span> <span class='ocrx_word' id='word_1_246' title='bbox 803 3256 836 3320; x_wconf 92' lang='lat' dir='ltr'>in</span> <span class='ocrx_word' id='word_1_247' title='bbox 848 3255 1073 3342; x_wconf 86' lang='lat' dir='ltr'>conquisitione</span> <span class='ocrx_word' id='word_1_248' title='bbox 1085 3257 1195 3319; x_wconf 82' lang='lat' dir='ltr'>virium</span> <span class='ocrx_word' id='word_1_249' title='bbox 1206 3277 1358 3319; x_wconf 83' lang='lat' dir='ltr'>novarum</span> <span class='ocrx_word' id='word_1_250' title='bbox 1368 3253 1581 3320; x_wconf 84' lang='lat' dir='ltr'>collocabitur.</span> 
     </span>
    </p>

    <p class='ocr_par' dir='ltr' id='par_1_7' title="bbox 240 3360 1583 4847">
     <span class='ocr_line' id='line_1_27' title="bbox 340 3360 1577 3450; baseline -0.002 -20"><span class='ocrx_word' id='word_1_251' title='bbox 340 3368 365 3444; x_wconf 70' lang='lat' dir='ltr'>l·</span> <span class='ocrx_word' id='word_1_252' title='bbox 382 3371 412 3430; x_wconf 84' lang='lat'>7.</span> <span class='ocrx_word' id='word_1_253' title='bbox 436 3360 595 3438; x_wconf 86' lang='lat' dir='ltr'>Quoniam</span> <span class='ocrx_word' id='word_1_254' title='bbox 609 3377 714 3428; x_wconf 87' lang='lat' dir='ltr'>autem</span> <span class='ocrx_word' id='word_1_255' title='bbox 728 3363 769 3428; x_wconf 88' lang='lat' dir='ltr'>ad</span> <span class='ocrx_word' id='word_1_256' title='bbox 784 3383 910 3428; x_wconf 85' lang='lat' dir='ltr'>causam</span> <span class='ocrx_word' id='word_1_257' title='bbox 925 3363 1073 3450; x_wconf 76' lang='lat' dir='ltr'>cujusque</span> <span class='ocrx_word' id='word_1_258' title='bbox 1086 3363 1285 3447; x_wconf 80' lang='lat' dir='ltr'>phaenomeni</span> <span class='ocrx_word' id='word_1_259' title='bbox 1299 3361 1516 3449; x_wconf 84' lang='lat' dir='ltr'>detegendam,</span> <span class='ocrx_word' id='word_1_260' title='bbox 1537 3364 1577 3428; x_wconf 87' lang='lat' dir='ltr'>ad</span> 
     </span>
     <span class='ocr_line' id='line_1_28' title="bbox 303 3468 1582 3554; baseline 0.002 -22"><span class='ocrx_word' id='word_1_261' title='bbox 303 3468 440 3554; x_wconf 82' lang='lat' dir='ltr'>singulus</span> <span class='ocrx_word' id='word_1_262' title='bbox 461 3468 707 3534; x_wconf 84' lang='lat' dir='ltr'>circumstantias</span> <span class='ocrx_word' id='word_1_263' title='bbox 728 3468 838 3534; x_wconf 74' lang='lat' dir='ltr'>seduli)</span> <span class='ocrx_word' id='word_1_264' title='bbox 859 3469 1017 3534; x_wconf 87' lang='lat' dir='ltr'>attendere</span> <span class='ocrx_word' id='word_1_265' title='bbox 1039 3491 1163 3534; x_wconf 85' lang='lat' dir='ltr'>necesse</span> <span class='ocrx_word' id='word_1_266' title='bbox 1184 3484 1241 3546; x_wconf 81' lang='lat' dir='ltr'>est,</span> <span class='ocrx_word' id='word_1_267' title='bbox 1264 3482 1336 3534; x_wconf 80' lang='lat' dir='ltr'>ante</span> <span class='ocrx_word' id='word_1_268' title='bbox 1351 3471 1457 3533; x_wconf 84' lang='lat' dir='ltr'>omnia</span> <span class='ocrx_word' id='word_1_269' title='bbox 1470 3471 1582 3534; x_wconf 84' lang='lat' dir='ltr'>mirili-</span> 
     </span>
     <span class='ocr_line' id='line_1_29' title="bbox 299 3575 1580 3661; baseline 0.003 -23"><span class='ocrx_word' id='word_1_270' title='bbox 299 3595 368 3638; x_wconf 85' lang='lat' dir='ltr'>cum</span> <span class='ocrx_word' id='word_1_271' title='bbox 395 3583 590 3638; x_wconf 85' lang='lat' dir='ltr'>consensum</span> <span class='ocrx_word' id='word_1_272' title='bbox 605 3575 699 3640; x_wconf 85' lang='lat' dir='ltr'>oestirs</span> <span class='ocrx_word' id='word_1_273' title='bbox 725 3576 819 3640; x_wconf 86' lang='lat' dir='ltr'>maris</span> <span class='ocrx_word' id='word_1_274' title='bbox 844 3598 916 3640; x_wconf 91' lang='lat' dir='ltr'>curn</span> <span class='ocrx_word' id='word_1_275' title='bbox 937 3590 1025 3640; x_wconf 90' lang='lat' dir='ltr'>motu</span> <span class='ocrx_word' id='word_1_276' title='bbox 1051 3576 1153 3640; x_wconf 85' lang='lat' dir='ltr'>Lunae</span> <span class='ocrx_word' id='word_1_277' title='bbox 1178 3577 1381 3661; x_wconf 84' lang='lat' dir='ltr'>contemplari</span> <span class='ocrx_word' id='word_1_278' title='bbox 1406 3578 1580 3642; x_wconf 76' lang='lat' dir='ltr'>conveniet.</span> 
     </span>
     <span class='ocr_line' id='line_1_30' title="bbox 301 3676 1579 3770; baseline 0.005 -28"><span class='ocrx_word' id='word_1_279' title='bbox 301 3676 378 3744; x_wconf 89' lang='lat' dir='ltr'>Nou</span> <span class='ocrx_word' id='word_1_280' title='bbox 398 3679 499 3749; x_wconf 78' lang='lat' dir='ltr'>solum</span> <span class='ocrx_word' id='word_1_281' title='bbox 521 3683 605 3748; x_wconf 89' lang='lat' dir='ltr'>enim</span> <span class='ocrx_word' id='word_1_282' title='bbox 626 3684 755 3770; x_wconf 84' lang='lat' dir='ltr'>insignis</span> <span class='ocrx_word' id='word_1_283' title='bbox 777 3684 941 3750; x_wconf 84' lang='lat' dir='ltr'>harmonia</span> <span class='ocrx_word' id='word_1_284' title='bbox 954 3687 1035 3750; x_wconf 87' lang='lat' dir='ltr'>inter</span> <span class='ocrx_word' id='word_1_285' title='bbox 1049 3698 1161 3750; x_wconf 67' lang='lat' dir='ltr'>[edum</span> <span class='ocrx_word' id='word_1_286' title='bbox 1173 3687 1278 3764; x_wconf 88' lang='lat' dir='ltr'>maris,</span> <span class='ocrx_word' id='word_1_287' title='bbox 1295 3709 1332 3752; x_wconf 87' lang='lat' dir='ltr'>ac</span> <span class='ocrx_word' id='word_1_288' title='bbox 1348 3687 1448 3751; x_wconf 81' lang='lat' dir='ltr'>Lunoe</span> <span class='ocrx_word' id='word_1_289' title='bbox 1461 3699 1579 3752; x_wconf 88' lang='lat' dir='ltr'>motum</span> 
     </span>
     <span class='ocr_line' id='line_1_31' title="bbox 299 3787 1577 3879; baseline 0.005 -29"><span class='ocrx_word' id='word_1_290' title='bbox 299 3787 445 3859; x_wconf 84' lang='lat' dir='ltr'>diurnum</span> <span class='ocrx_word' id='word_1_291' title='bbox 466 3789 719 3875; x_wconf 82' lang='lat' dir='ltr'>deprehenditur,</span> <span class='ocrx_word' id='word_1_292' title='bbox 742 3792 912 3858; x_wconf 86' lang='lat' dir='ltr'>sedetiam</span> <span class='ocrx_word' id='word_1_293' title='bbox 933 3793 1085 3858; x_wconf 81' lang='lat' dir='ltr'>revolutio</span> <span class='ocrx_word' id='word_1_294' title='bbox 1107 3792 1255 3879; x_wconf 87' lang='lat' dir='ltr'>synodica</span> <span class='ocrx_word' id='word_1_295' title='bbox 1267 3806 1411 3878; x_wconf 84' lang='lat' dir='ltr'>respectu</span> <span class='ocrx_word' id='word_1_296' title='bbox 1427 3793 1505 3859; x_wconf 80' lang='lat' dir='ltr'>Solis</span> <span class='ocrx_word' id='word_1_297' title='bbox 1525 3794 1577 3856; x_wconf 90' lang='lat' dir='ltr'>in·</span> 
     </span>
     <span class='ocr_line' id='line_1_32' title="bbox 240 3900 1583 3988; baseline 0.008 -29"><span class='ocrx_word' id='word_1_298' title='bbox 240 3947 252 3970; x_wconf 74' lang='grc'>,</span> <span class='ocrx_word' id='word_1_299' title='bbox 299 3913 425 3984; x_wconf 81' lang='lat' dir='ltr'>gentem</span> <span class='ocrx_word' id='word_1_300' title='bbox 447 3900 539 3969; x_wconf 85' lang='lat' dir='ltr'>affert</span> <span class='ocrx_word' id='word_1_301' title='bbox 556 3901 746 3966; x_wconf 84' lang='lat' dir='ltr'>varietatem.</span> <span class='ocrx_word' id='word_1_302' title='bbox 793 3903 913 3968; x_wconf 88' lang='lat' dir='ltr'>Omnes</span> <span class='ocrx_word' id='word_1_303' title='bbox 934 3903 1069 3988; x_wconf 88' lang='lat' dir='ltr'>denique</span> <span class='ocrx_word' id='word_1_304' title='bbox 1090 3906 1320 3970; x_wconf 76' lang='lat' dir='ltr'>observationes</span> <span class='ocrx_word' id='word_1_305' title='bbox 1340 3905 1464 3970; x_wconf 74' lang='lat' dir='ltr'>abunde</span> <span class='ocrx_word' id='word_1_306' title='bbox 1477 3905 1583 3970; x_wconf 86' lang='lat' dir='ltr'>declu-</span> 
     </span>
     <span class='ocr_line' id='line_1_33' title="bbox 298 4007 1582 4077; baseline 0.008 -11"><span class='ocrx_word' id='word_1_307' title='bbox 298 4018 369 4068; x_wconf 88' lang='lat' dir='ltr'>runt</span> <span class='ocrx_word' id='word_1_308' title='bbox 383 4007 534 4070; x_wconf 84' lang='lat' dir='ltr'>rationem</span> <span class='ocrx_word' id='word_1_309' title='bbox 548 4007 652 4070; x_wconf 74' lang='lat' dir='ltr'>fluxius</span> <span class='ocrx_word' id='word_1_310' title='bbox 673 4020 705 4071; x_wconf 90' lang='lat' dir='ltr'>et</span> <span class='ocrx_word' id='word_1_311' title='bbox 726 4009 864 4074; x_wconf 82' lang='lat' dir='ltr'>refluxiu</span> <span class='ocrx_word' id='word_1_312' title='bbox 879 4011 974 4074; x_wconf 83' lang='lat' dir='ltr'>maris</span> <span class='ocrx_word' id='word_1_313' title='bbox 988 4032 1006 4072; x_wconf 89' lang='lat' dir='ltr'>a</span> <span class='ocrx_word' id='word_1_314' title='bbox 1022 4011 1082 4074; x_wconf 89' lang='lat' dir='ltr'>situ</span> <span class='ocrx_word' id='word_1_315' title='bbox 1097 4009 1168 4075; x_wconf 87' lang='lat' dir='ltr'>cdm</span> <span class='ocrx_word' id='word_1_316' title='bbox 1193 4011 1295 4076; x_wconf 77' lang='lat' dir='ltr'>Lunae</span> <span class='ocrx_word' id='word_1_317' title='bbox 1309 4021 1376 4076; x_wconf 87' lang='lat' dir='ltr'>tum</span> <span class='ocrx_word' id='word_1_318' title='bbox 1390 4012 1483 4076; x_wconf 86' lang='lat' dir='ltr'>etiam</span> <span class='ocrx_word' id='word_1_319' title='bbox 1500 4013 1582 4077; x_wconf 85' lang='lat' dir='ltr'>Solis</span> 
     </span>
     <span class='ocr_line' id='line_1_34' title="bbox 300 4112 1582 4205; baseline 0.008 -31"><span class='ocrx_word' id='word_1_320' title='bbox 300 4112 489 4196; x_wconf 86' lang='lat' dir='ltr'>conjunctim</span> <span class='ocrx_word' id='word_1_321' title='bbox 509 4113 664 4196; x_wconf 87' lang='lat' dir='ltr'>pendere:</span> <span class='ocrx_word' id='word_1_322' title='bbox 691 4137 731 4178; x_wconf 90' lang='lat' dir='ltr'>ex</span> <span class='ocrx_word' id='word_1_323' title='bbox 754 4137 817 4202; x_wconf 93' lang='lat' dir='ltr'>quo</span> <span class='ocrx_word' id='word_1_324' title='bbox 839 4116 941 4180; x_wconf 87' lang='lat' dir='ltr'>statim</span> <span class='ocrx_word' id='word_1_325' title='bbox 962 4138 1063 4202; x_wconf 90' lang='lat' dir='ltr'>prono</span> <span class='ocrx_word' id='word_1_326' title='bbox 1083 4121 1245 4184; x_wconf 85' lang='lat' dir='ltr'>ratiocinio</span> <span class='ocrx_word' id='word_1_327' title='bbox 1268 4119 1476 4205; x_wconf 86' lang='lat' dir='ltr'>consequitur,</span> <span class='ocrx_word' id='word_1_328' title='bbox 1498 4121 1582 4184; x_wconf 83' lang='lat' dir='ltr'>vires</span> 
     </span>
     <span class='ocr_line' id='line_1_35' title="bbox 298 4219 1582 4311; baseline 0.005 -28"><span class='ocrx_word' id='word_1_329' title='bbox 298 4219 366 4282; x_wconf 86' lang='lat' dir='ltr'>illas</span> <span class='ocrx_word' id='word_1_330' title='bbox 381 4233 493 4285; x_wconf 84' lang='lat' dir='ltr'>aesturu</span> <span class='ocrx_word' id='word_1_331' title='bbox 507 4219 602 4284; x_wconf 87' lang='lat' dir='ltr'>maris</span> <span class='ocrx_word' id='word_1_332' title='bbox 616 4223 832 4304; x_wconf 79' lang='lat' dir='ltr'>producentes,</span> <span class='ocrx_word' id='word_1_333' title='bbox 849 4245 1042 4311; x_wconf 69' lang='lat' dir='ltr'>quacunque</span> <span class='ocrx_word' id='word_1_334' title='bbox 1056 4225 1150 4290; x_wconf 82' lang='lat' dir='ltr'>etiam</span> <span class='ocrx_word' id='word_1_335' title='bbox 1164 4227 1235 4302; x_wconf 83' lang='lat' dir='ltr'>sint,</span> <span class='ocrx_word' id='word_1_336' title='bbox 1251 4223 1325 4288; x_wconf 80' lang='lat' dir='ltr'>crim</span> <span class='ocrx_word' id='word_1_337' title='bbox 1340 4225 1464 4290; x_wconf 86' lang='lat' dir='ltr'>Lunam</span> <span class='ocrx_word' id='word_1_338' title='bbox 1483 4227 1582 4310; x_wconf 81' lang='lat' dir='ltr'>potis-</span> 
     </span>
     <span class='ocr_line' id='line_1_36' title="bbox 298 4322 1580 4414; baseline 0.007 -28"><span class='ocrx_word' id='word_1_339' title='bbox 298 4322 420 4401; x_wconf 85' lang='lat' dir='ltr'>simdm,</span> <span class='ocrx_word' id='word_1_340' title='bbox 444 4322 513 4394; x_wconf 76' lang='lat' dir='ltr'>tum</span> <span class='ocrx_word' id='word_1_341' title='bbox 534 4322 609 4391; x_wconf 78' lang='lat' dir='ltr'>vero</span> <span class='ocrx_word' id='word_1_342' title='bbox 623 4326 716 4392; x_wconf 86' lang='lat' dir='ltr'>etiam</span> <span class='ocrx_word' id='word_1_343' title='bbox 741 4326 845 4394; x_wconf 86' lang='lat' dir='ltr'>Solem</span> <span class='ocrx_word' id='word_1_344' title='bbox 861 4329 1014 4412; x_wconf 85' lang='lat' dir='ltr'>respicere</span> <span class='ocrx_word' id='word_1_345' title='bbox 1029 4329 1152 4394; x_wconf 91' lang='lat' dir='ltr'>debere.</span> <span class='ocrx_word' id='word_1_346' title='bbox 1198 4329 1413 4404; x_wconf 81' lang='lat' dir='ltr'>Quamobrem</span> <span class='ocrx_word' id='word_1_347' title='bbox 1427 4331 1580 4414; x_wconf 88' lang='lat' dir='ltr'>imprimis</span> 
     </span>
     <span class='ocr_line' id='line_1_37' title="bbox 297 4431 1580 4524; baseline 0.007 -30"><span class='ocrx_word' id='word_1_348' title='bbox 297 4431 388 4494; x_wconf 87' lang='lat' dir='ltr'>nobis</span> <span class='ocrx_word' id='word_1_349' title='bbox 404 4433 464 4498; x_wconf 89' lang='lat' dir='ltr'>erit</span> <span class='ocrx_word' id='word_1_350' title='bbox 478 4433 708 4520; x_wconf 91' lang='lat' dir='ltr'>inquirendum,</span> <span class='ocrx_word' id='word_1_351' title='bbox 725 4446 829 4498; x_wconf 87' lang='lat' dir='ltr'>utrum</span> <span class='ocrx_word' id='word_1_352' title='bbox 846 4438 997 4521; x_wconf 89' lang='lat' dir='ltr'>ejusmodi</span> <span class='ocrx_word' id='word_1_353' title='bbox 1011 4439 1090 4502; x_wconf 85' lang='lat' dir='ltr'>vires</span> <span class='ocrx_word' id='word_1_354' title='bbox 1107 4438 1211 4504; x_wconf 90' lang='lat' dir='ltr'>Solem</span> <span class='ocrx_word' id='word_1_355' title='bbox 1226 4453 1259 4504; x_wconf 88' lang='lat' dir='ltr'>et</span> <span class='ocrx_word' id='word_1_356' title='bbox 1274 4441 1398 4504; x_wconf 88' lang='lat' dir='ltr'>Lunam</span> <span class='ocrx_word' id='word_1_357' title='bbox 1413 4439 1580 4524; x_wconf 76' lang='lat' dir='ltr'>respicien-</span> 
     </span>
     <span class='ocr_line' id='line_1_38' title="bbox 297 4540 1579 4630; baseline 0.006 -28"><span class='ocrx_word' id='word_1_358' title='bbox 297 4553 354 4613; x_wconf 87' lang='lat' dir='ltr'>tes,</span> <span class='ocrx_word' id='word_1_359' title='bbox 382 4561 453 4622; x_wconf 78' lang='lat' dir='ltr'>quae</span> <span class='ocrx_word' id='word_1_360' title='bbox 478 4541 512 4606; x_wconf 92' lang='lat' dir='ltr'>in</span> <span class='ocrx_word' id='word_1_361' title='bbox 535 4541 622 4627; x_wconf 88' lang='lat' dir='ltr'>aquis</span> <span class='ocrx_word' id='word_1_362' title='bbox 648 4540 741 4606; x_wconf 83' lang='lat' dir='ltr'>talem</span> <span class='ocrx_word' id='word_1_363' title='bbox 766 4541 920 4621; x_wconf 86' lang='lat' dir='ltr'>effectum,</span> <span class='ocrx_word' id='word_1_364' title='bbox 948 4543 1046 4629; x_wconf 86' lang='lat' dir='ltr'>qualis</span> <span class='ocrx_word' id='word_1_365' title='bbox 1074 4557 1122 4608; x_wconf 88' lang='lat' dir='ltr'>est</span> <span class='ocrx_word' id='word_1_366' title='bbox 1149 4557 1242 4610; x_wconf 81' lang='lat' dir='ltr'>sertus</span> <span class='ocrx_word' id='word_1_367' title='bbox 1270 4546 1374 4624; x_wconf 89' lang='lat' dir='ltr'>maris,</span> <span class='ocrx_word' id='word_1_368' title='bbox 1404 4545 1579 4630; x_wconf 88' lang='lat' dir='ltr'>producere</span> 
     </span>
     <span class='ocr_line' id='line_1_39' title="bbox 298 4646 1581 4736; baseline 0.009 -31"><span class='ocrx_word' id='word_1_369' title='bbox 298 4655 424 4730; x_wconf 83' lang='lat' dir='ltr'>queant,</span> <span class='ocrx_word' id='word_1_370' title='bbox 442 4646 514 4728; x_wconf 88' lang='lat' dir='ltr'>jure</span> <span class='ocrx_word' id='word_1_371' title='bbox 535 4669 573 4712; x_wconf 86' lang='lat' dir='ltr'>ac</span> <span class='ocrx_word' id='word_1_372' title='bbox 594 4646 714 4712; x_wconf 86' lang='lat' dir='ltr'>ratione</span> <span class='ocrx_word' id='word_1_373' title='bbox 735 4649 830 4712; x_wconf 85' lang='lat' dir='ltr'>statui</span> <span class='ocrx_word' id='word_1_374' title='bbox 850 4649 978 4732; x_wconf 81' lang='lat' dir='ltr'>possint,</span> <span class='ocrx_word' id='word_1_375' title='bbox 1001 4671 1041 4712; x_wconf 86' lang='lat' dir='ltr'>au</span> <span class='ocrx_word' id='word_1_376' title='bbox 1063 4647 1161 4715; x_wconf 79' lang='lat' dir='ltr'>secde.</span> <span class='ocrx_word' id='word_1_377' title='bbox 1210 4652 1260 4716; x_wconf 86' lang='lat' dir='ltr'>Ac</span> <span class='ocrx_word' id='word_1_378' title='bbox 1274 4652 1301 4716; x_wconf 89' lang='lat' dir='ltr'>si</span> <span class='ocrx_word' id='word_1_379' title='bbox 1322 4651 1463 4736; x_wconf 89' lang='lat' dir='ltr'>pluribus</span> <span class='ocrx_word' id='word_1_380' title='bbox 1477 4651 1581 4716; x_wconf 85' lang='lat' dir='ltr'>modis</span> 
     </span>
     <span class='ocr_line' id='line_1_40' title="bbox 299 4751 1579 4847; baseline 0.006 -31"><span class='ocrx_word' id='word_1_381' title='bbox 299 4751 472 4820; x_wconf 83' lang='lat' dir='ltr'>istiusmodi</span> <span class='ocrx_word' id='word_1_382' title='bbox 501 4755 582 4822; x_wconf 85' lang='lat' dir='ltr'>vires</span> <span class='ocrx_word' id='word_1_383' title='bbox 607 4757 712 4824; x_wconf 66' lang='lat' dir='ltr'>annno</span> <span class='ocrx_word' id='word_1_384' title='bbox 740 4757 904 4841; x_wconf 83' lang='lat' dir='ltr'>concipere</span> <span class='ocrx_word' id='word_1_385' title='bbox 932 4755 1032 4836; x_wconf 82' lang='lat' dir='ltr'>liceat,</span> <span class='ocrx_word' id='word_1_386' title='bbox 1063 4757 1229 4847; x_wconf 88' lang='lat' dir='ltr'>diligenter</span> <span class='ocrx_word' id='word_1_387' title='bbox 1253 4761 1313 4826; x_wconf 84' lang='lat' dir='ltr'>erit</span> <span class='ocrx_word' id='word_1_388' title='bbox 1340 4757 1579 4846; x_wconf 85' lang='lat' dir='ltr'>dispiciendum,</span> 
     </span>
    </p>
   </div>
   <div class='ocr_carea' id='block_1_5' title="bbox 0 0 1762 5870">
    <p class='ocr_par' dir='ltr' id='par_1_8' title="bbox 0 0 1762 5870">
     <span class='ocr_line' id='line_1_41' title="bbox 0 0 1762 5870; baseline 0 1"><span class='ocrx_word' id='word_1_389' title='bbox 0 0 1762 5870; x_wconf 95' lang='lat' dir='ltr'> </span> 
     </span>
    </p>
   </div>
  </div>
 </body>
</html>
