3516 5870
371 505 434 565 256
619 495 884 576 INQUISITIO
908 495 1111 564 PHYSICA
1134 495 1185 562 IN
1209 493 1403 562 CAUSAM

368 669 446 734 dnm
460 679 518 746 est,
535 666 620 753 queo
634 668 660 730 sl
681 667 853 732 Nauna
866 687 972 732 veram
986 687 1111 732 canum
1125 664 1218 750 hujus
1232 663 1431 749 phaenomeni
1451 665 1649 753 migrraaset,

369 773 566 858 sumntopere
588 772 757 836 absurdum
780 786 873 859 atque
894 773 1046 836 absonum
1067 771 1157 849 foret,
1179 771 1323 836 novitatis
1344 771 1449 836 studio
1468 771 1558 836 nlmm
1572 794 1650 838 cau-

367 903 443 960 sam,
465 903 537 970 quoe
558 883 645 948 certd
666 882 742 947 ωσι
762 883 866 950 futuro
887 893 978 958 esset
1000 879 1188 968 scopare
1232 879 1359 945 Deinde
1375 879 1451 945 vend
1475 881 1647 948 Nentonus

367 1011 409 1058 ne
430 995 600 1082 vestigmm·
616 993 741 1080 quidem
762 993 896 1078 reliquit,
912 1013 953 1058 ex
967 1011 1031 1077 qno
1042 1009 1137 1054 causa
1150 987 1261 1054 harum
1275 989 1388 1054 viritnn
1403 991 1644 1071 attractiserum,

370 1119 449 1185 qnae
473 1099 539 1164 Soli
560 1099 724 1185 Lunoeqne
743 1097 860 1175 tribuit,
884 1095 989 1182 colligi
1008 1102 1123 1180 poscet,
1139 1093 1196 1160 ced
1215 1093 1319 1178 potitis
1333 1093 1374 1162 de
1388 1115 1490 1160 causoe
1507 1093 1645 1180 physicae

365 1205 555 1284 inventione,
577 1205 702 1291 qudam
717 1202 889 1270 Academia
912 1202 1013 1290 Regia
1033 1200 1230 1286 potissimum
1242 1199 1382 1286 requirit,
1404 1199 1585 1286 desperasse
1599 1204 1645 1268 vi-

365 1311 477 1390 detum
500 1311 533 1376 id
554 1312 640 1398 quod
661 1312 729 1398 ejus
749 1311 874 1376 masclae
895 1309 1003 1394 aperti
1022 1319 1184 1386 namur,
1205 1309 1259 1394 qui
1273 1308 1486 1376 attractionem
1501 1311 1645 1376 omnibus

365 1419 548 1507 corporibus
561 1423 721 1509 propriam
735 1443 814 1501 esse,
827 1443 930 1509 neque
943 1421 1000 1488 ulli
1014 1441 1116 1488 ccusae
1130 1429 1269 1486 externa·
1291 1416 1398 1484 deberi
1416 1416 1547 1486 firmiter
1561 1442 1645 1484 asse·

364 1541 448 1608 runt,
471 1524 564 1616 none
584 1529 664 1596 oded
685 1530 728 1595 ad
748 1529 909 1617 qualitates
927 1528 1063 1594 occulus
1077 1526 1269 1614 confugiunt.
1312 1525 1460 1614 Denique
1475 1527 1645 1594 Newtonus

364 1633 582 1700 deductionem
603 1647 637 1701 et
656 1636 882 1721 expositionem
903 1635 1043 1700 omnium
1063 1633 1342 1719 phaenomenorum
1363 1632 1404 1698 ad
1425 1644 1537 1698 estam
1550 1633 1643 1698 man's

363 1742 585 1826 pertinentium
598 1741 727 1808 minime
741 1741 879 1828 perfecit,
896 1741 951 1806 sed
965 1739 1054 1828 quasi
1074 1751 1196 1806 tantum
1209 1736 1423 1816 adumbravit3
1443 1739 1539 1824 plena
1560 1741 1643 1805 enim

363 1847 529 1932 explicatio
548 1861 597 1915 tat
617 1861 743 1936 tamque
763 1848 934 1914 difficilium
956 1846 1190 1914 Problematum
1205 1844 1390 1912 solutionem
1403 1844 1550 1932 postulat,
1572 1867 1644 1932 quae

364 1953 534 2020 Nentonue
555 1977 620 2022 non
641 1968 689 2024 eet
709 1977 893 2044 aggressust
915 1953 1084 2022 cumcuim
1098 1952 1190 2038 hujus
1205 1952 1386 2039 quaestionis
1407 1951 1553 2018 enodatio
1574 1975 1643 2018 am-

361 2063 516 2149 plissimos
531 2065 666 2132 calculos
680 2067 828 2153 requirat,
843 2065 911 2150 ipse
921 2063 1060 2152 analysin
1074 2063 1174 2130 vitam
1187 2061 1336 2150 pleraque
1348 2073 1470 2128 tantum
1480 2061 1580 2126 obiter
1594 2059 1643 2126 in-

362 2171 481 2238 dicasse
502 2185 665 2240 contentam
687 2173 763 2251 iuit3
788 2173 831 2238 ob
852 2193 946 2260 quem
966 2171 1121 2238 deiectum
1141 2169 1283 2255 plurimis
1305 2168 1408 2236 adhuc
1432 2169 1535 2237 dubiis
1558 2170 1643 2234 circa

361 2279 457 2364 ipsius
471 2281 709 2368 explicationem
722 2293 770 2350 est
783 2281 919 2348 relictus.
958 2281 1070 2368 Neque
1083 2279 1166 2346 enim
1179 2279 1211 2344 in
1227 2279 1276 2344 hic
1290 2278 1407 2345 ninius
1422 2299 1529 2344 veram
1544 2279 1642 2342 testis

360 2386 455 2452 maris
477 2409 601 2454 causam
623 2389 777 2454 contineri
797 2386 870 2464 antd
890 2399 1010 2454 certum
1032 2407 1100 2452 esse
1119 2397 1233 2470 potest,
1256 2384 1348 2472 quem
1363 2383 1506 2450 absoluto
1519 2383 1643 2450 calculo

359 2493 515 2577 periectas
530 2515 699 2562 consensus
712 2493 994 2580 phaenomenorum
1008 2515 1080 2560 cum
1094 2490 1212 2560 deone
1228 2489 1321 2559 luerit
1334 2489 1517 2558 declaratus.

944 2765 1054 2794 m

748 2948 923 3024 CAPUT
948 2949 1248 3024 SECUNDUM.

549 3147 610 3220 De
625 3147 754 3222 uiribus
766 3149 856 3223 Solis
871 3158 906 3222 et
919 3149 1033 3222 Luna
1045 3150 1093 3222 cd
1108 3149 1220 3224 Mare
1235 3145 1441 3220 meacm.

355 3360 379 3436 i.
396 3363 447 3420 16.
462 3329 664 3436 Ernst-rus,
690 3377 768 3443 quos
797 3357 878 3424 vires
901 3356 972 3424 culm
1003 3357 1084 3424 Solis
1113 3356 1179 3422 tum
1209 3359 1311 3424 Lunae
1339 3359 1410 3426 anti
1435 3353 1577 3424 stabilite
1602 3357 1636 3420 in

356 3461 489 3528 'renam
515 3477 659 3544 sumunt,
680 3465 721 3532 ad
746 3466 811 3532 duo
834 3487 950 3554 genera
972 3479 1046 3534 sunt
1070 3466 1242 3534 referendi:
1264 3490 1397 3556 quorum
1422 3468 1554 3534 alterum
1580 3487 1634 3530 eos

355 3571 571 3656 complectitur
591 3573 718 3640 effectura
740 3596 817 3660 quos
839 3575 895 3640 sol
916 3596 954 3638 ac
976 3575 1069 3640 Luna
1088 3577 1121 3638 in
1141 3575 1316 3642 nniversam
1327 3576 1464 3642 ¹'I'erram
1477 3588 1636 3658 tamquam

354 3701 452 3743 unum
478 3701 590 3765 corpus
615 3681 840 3747 consideratam
866 3681 1172 3757 exercet30alterum
1199 3682 1276 3748 veru
1304 3705 1368 3762 eos,
1398 3703 1475 3769 quos
1500 3677 1633 3766 singulae

354 3784 464 3850 Tecrae
485 3797 590 3870 mrtee
609 3809 629 3850 a
650 3786 767 3852 viribus
790 3787 872 3852 Solis
894 3809 931 3852 ac
952 3788 1056 3852 Lunoe
1074 3789 1245 3873 patiuntur.
1294 3790 1347 3858 Ad
1369 3788 1494 3854 effectus
1513 3785 1628 3872 prioris

352 3891 476 3977 generis
496 3891 739 3980 investigandos,
760 3892 861 3958 omnis
886 3892 996 3958 Terrae
1017 3895 1146 3960 materia
1167 3908 1313 3983 tanquam
1334 3896 1367 3960 in
1388 3896 1482 3962 unico
1502 3903 1629 3980 puncto,

352 4009 460 4064 centro
485 3997 602 4062 scilicet
625 3996 795 4085 graviutin
819 3997 948 4064 collecta
973 3999 1196 4080 consideratur,
1223 4025 1259 4066 ac
1281 4001 1344 4066 tim
1365 4023 1406 4068 ex
1432 4012 1518 4064 motu
1539 3998 1632 4064 insito

352 4102 446 4190 qudm
466 4101 583 4168 viribus
605 4103 839 4173 sollicitantibus
861 4117 963 4170 motus
984 4105 1095 4172 Terrae
1115 4106 1328 4195 progressivae
1343 4108 1376 4172 in
1392 4105 1446 4172 sui
1461 4103 1560 4172 orbiti
1575 4103 1630 4171 de-

354 4213 514 4280 terminari
527 4213 615 4280 solat.
661 4213 713 4283 Ex
727 4213 849 4300 hocque
862 4213 1017 4299 principio
1031 4215 1165 4282 innotuit
1179 4217 1242 4280 vim
1255 4215 1336 4280 hanc
1352 4215 1433 4282 Solis
1448 4213 1579 4292 efficere,
1595 4223 1632 4277 ut

352 4318 454 4384 Terra
478 4320 560 4386 circe
587 4320 691 4386 Solem
715 4320 748 4383 in
771 4319 872 4384 orbiti
894 4312 1027 4405 eltiptic't
1050 4320 1293 4399 circumferatur,
1316 4323 1377 4385 vim
1400 4322 1502 4386 Lunae
1525 4333 1632 4386 autem

351 4435 416 4488 tom
435 4447 503 4492 esse
520 4427 665 4505 debilem,
687 4438 725 4504 ut
744 4426 797 4490 vix
819 4449 856 4492 ac
876 4449 917 4492 ne
937 4429 991 4492 vix
1012 4428 1137 4518 quidem
1155 4428 1249 4492 uilem
1271 4429 1448 4496 sensibilem
1466 4429 1630 4514 perturba-

351 4532 468 4598 tionem
489 4537 522 4600 in
543 4550 630 4605 motu
652 4537 766 4604 Terre
784 4559 889 4604 armuo
910 4537 1083 4624 producere
1096 4538 1205 4604 valeat
1251 4537 1370 4606 Contrri
1384 4551 1488 4603 autem
1503 4536 1633 4602 docebi-

351 4652 412 4717 tur,
435 4641 498 4705 vim
521 4645 621 4710 Lunae
642 4646 683 4712 ad
704 4658 808 4731 partes
831 4647 941 4712 Terre
962 4646 1042 4710 inter
1057 4668 1090 4710 se
1105 4647 1344 4712 commovendas
1358 4669 1395 4712 ac
1409 4667 1495 4710 mane
1509 4645 1631 4734 agitem

351 4749 427 4814 dum
441 4751 539 4819 multd
553 4776 620 4822 esse
633 4755 791 4824 Umorem
805 4756 836 4822 vi
851 4754 950 4834 Solis3
964 4776 1005 4820 ex
1019 4777 1081 4842 quo
1095 4755 1249 4843 plerisque
1262 4757 1365 4842 primo
1379 4755 1492 4824 intuitu
1507 4754 1632 4820 summe
