3516 5870
389 497 582 570 nnuxus
604 499 665 566 nc
688 495 945 570 numuxus
967 499 1126 572 Mnms.
1335 487 1398 570 eos

110 1677 712 1836 taudemresultets=usimv÷
735 1714 822 1780 :D
845 1683 1404 1793 sin.-=²==÷ccos.—.².=..

691 1793 747 1858 g·
926 1775 1036 1862 ΗΒ
1230 1781 1349 1864 Mg
1453 1828 1458 1838 ,

114 1881 176 2021 §ER
199 1904 231 1972 4-
247 1865 463 2046 Ξζξὲἒέἳ,
487 1915 558 1982 quae
578 1904 625 1957 cst
642 1895 777 1980 oequatio
792 1889 947 1983 generalis
962 1896 1003 1961 sd
1024 1899 1157 1986 quodvis
1171 1909 1294 1994 tempus
1309 1919 1326 1962 z
1341 1909 1404 1962 sta-

112 2077 178 2130 tum
199 2089 300 2154 cquae,
325 2089 380 2132 seu
402 2067 582 2134 distantiam
603 2023 846 2154 ejussupremae
868 2069 1044 2155 superficiei
1067 2072 1088 2138 ri
1116 2074 1145 2139 C
1170 2072 1321 2148 indicans,
1347 2068 1401 2134 ubi

111 2188 289 2242 constantes
305 2175 334 2240 C
355 2189 389 2242 et
402 2177 436 2242 D
451 2199 492 2241 ex
505 2175 580 2242 dato
595 2178 690 2242 meris
704 2189 786 2242 statu
801 2177 842 2242 ad
856 2177 966 2242 datum
980 2191 1104 2266 tempus
1118 2181 1245 2246 definiri
1268 2187 1402 2263 oportet.

113 2285 210 2362 Quod
232 2289 259 2352 si
281 2289 378 2374 igitur
398 2309 553 2374 ponemus
568 2299 690 2357 motum
704 2309 794 2375 aquae
804 2289 871 2374 jan
892 2287 932 2354 sd
949 2287 1192 2354 uniformitatem
1206 2308 1273 2351 esse
1284 2284 1403 2349 deduc-
1545 2317 1549 2324 ·

111 2405 187 2470 turn,
203 2393 248 2456 ita
263 2405 298 2458 ut
311 2415 393 2479 equa
407 2393 554 2458 omnibus
568 2393 690 2472 diebus,
706 2393 833 2482 quando
855 2393 950 2458 Luna
970 2395 1004 2458 in
1025 2393 1058 2458 T
1070 2405 1221 2470 verssmr,
1244 2392 1277 2456 in
1292 2389 1404 2456 eodem

110 2499 181 2564 loco
198 2499 238 2564 Μ
259 2513 411 2578 versetur,
434 2521 561 2566 necesse
576 2501 637 2566 erit
652 2513 688 2565 ut
700 2499 789 2566 valor
802 2500 899 2585 ipsius
915 2524 929 2564 s
944 2511 1069 2565 maneat
1083 2498 1179 2576 idem,
1202 2499 1260 2562 etsi
1281 2519 1403 2562 ercusz
1513 2503 1516 2514 '

109 2605 233 2693 integri
253 2606 432 2693 peripheril
455 2615 476 2670 2
498 2631 520 2670 s
532 2607 581 2672 vel
604 2608 670 2693 ejus
691 2605 837 2692 multiplo
858 2621 1020 2694 augeatur.
1064 2608 1110 2672 At
1129 2605 1233 2692 posito
1254 2627 1272 2668 z
1290 2615 1323 2684 -l-
1343 2612 1364 2667 2
1383 2629 1405 2668 s

107 2751 178 2816 loco
200 2752 398 2832 nunninus
421 2775 485 2822 eos.
504 2761 560 2818 Μ
582 2765 689 2819 menet
709 2750 836 2840 quidem
857 2752 1038 2835 invasionis,
1061 2765 1094 2818 et
1123 2752 1157 2818 D
1181 2754 1239 2818 sin.
1253 2735 1409 2906 yffi-{n

108 2911 1119 3092 cm'ffifi‘ffl'in'zfficlcmffl’
1144 2965 1216 3032 quae
1241 2939 1402 3029 aequalitas

107 3149 216 3213 adesse
231 3169 296 3212 non
317 3162 420 3234 potest
437 3151 497 3214 nisi
519 3151 569 3216 vel
582 3121 706 3300 7¹58
721 3150 762 3214 sit
781 3171 931 3216 numerus
952 3151 1083 3238 integer,
1107 3151 1156 3216 vel
1173 3153 1201 3219 C
1216 3163 1247 3216 et
1262 3153 1296 3216 D
1316 3176 1349 3212 =
1369 3161 1400 3216 0.

108 3320 194 3390 cum
208 3323 314 3410 itaque
328 3347 351 3412 g
366 3323 569 3390 determinari
583 3343 649 3386 non
663 3321 764 3400 liceat,
781 3321 930 3410 quiajam
945 3333 991 3394 est
1005 3322 1126 3412 datum,
1145 3323 1328 3410 ponendum
1342 3323 1403 3389 erit

1022 3457 1103 3534 :S
1121 3484 1154 3550 ÷
1168 3443 1376 3534 Q

1038 3535 1092 3600 nh
1171 3533 1221 3598 nh
1236 3540 1265 3618 (1
1279 3573 1311 3585 -
1322 3545 1341 3602 a
1352 3516 1399 3623 ω’

104 3667 146 3710 ex
168 3645 230 3732 qul
253 3645 399 3711 facillime
421 3647 463 3712 ad
484 3647 618 3734 quodvis
638 3660 762 3731 tempus
785 3659 882 3712 statua
906 3647 1000 3720 maris
1022 3657 1245 3734 cognoscetur:
1279 3643 1400 3709 valores

104 3752 224 3818 scilicet
245 3755 421 3819 affirmativi
442 3756 539 3840 ipsius
562 3778 577 3820 s
598 3755 720 3825 dabunt
734 3755 829 3826 situm
845 3777 935 3846 aquae
956 3755 1037 3828 infra
1057 3756 1150 3826 situm
1168 3753 1343 3822 naturalem
1359 3755 1399 3834 C,

104 3860 242 3944 negativi
256 3859 332 3924 vero
347 3883 443 3948 supra
461 3862 500 3927 C.

151 3969 244 4030 tao.
267 3967 404 4056 Cognito
426 3979 532 4056 autern
555 3971 657 4055 spatio
679 3991 694 4034 s
715 3991 773 4055 per
794 3981 917 4054 tempus
941 3991 967 4048 z,
993 3969 1133 4042 celeritas
1156 3990 1280 4056 quoque
1305 3970 1399 4036 moris

997 4081 1095 4145 -ds

105 4107 169 4197 qula
184 4111 218 4174 in
234 4111 274 4178 M
289 4117 428 4182 escendit
441 4117 614 4204 reperietur
628 4140 670 4184 ex
684 4120 861 4206 oequstione
875 4119 925 4184 dn
946 4143 977 4178 =
1000 4167 1097 4247 ,π
1111 4121 1172 4184 erit
1184 4120 1268 4184 enim
1284 4119 1345 4185 Vv
1361 4143 1394 4182 =

107 3471 136 3538 C
157 3497 189 3532 =
209 3483 231 3538 0
245 3485 278 3538 et
292 3472 326 3538 D
342 3497 375 3532 =
391 3485 422 3552 ο,
439 3475 482 3538 its
497 3488 532 3539 ut
545 3473 605 3540 ista
618 3472 771 3538 habeatnr
785 3473 921 3562 requetio
936 3495 951 3540 s
971 3497 1003 3540 vs

103 4280 210 4445 ’ἧι-ἶ]
230 4343 262 4382 =
282 4289 488 4477 ἓξὲξ-Ἥ,
506 4351 579 4415 qum
593 4329 754 4416 expressio
768 4330 828 4415 ipsi
843 4327 1003 4410 celeritati,
1026 4327 1087 4417 qul
1102 4351 1192 4416 oquae
1207 4329 1397 4416 superficies,

102 4491 181 4556 dum
196 4494 229 4558 in
246 4494 284 4563 M
300 4511 451 4578 versatur,
468 4502 614 4582 elevatur,
631 4519 678 4570 est
699 4505 959 4590 proportionalis:
973 4505 1043 4569 haec
1058 4527 1134 4594 ergo
1149 4506 1289 4570 celeritas
1306 4529 1396 4596 aquoe

103 4621 231 4685 semper
253 4615 301 4666 est
322 4616 358 4667 ut
380 4605 466 4670 sinus
483 4607 570 4693 dupli
585 4611 676 4676 arcus
699 4611 729 4676 Ε
746 4611 787 4690 Τ,
810 4613 860 4676 vel
874 4613 968 4678 etiam
984 4625 1019 4676 ut
1034 4605 1119 4676 sinus
1134 4613 1221 4697 dupli
1238 4617 1398 4700 temporis,

103 4727 167 4790 quo
189 4707 283 4778 Luna
303 4733 323 4775 a
344 4715 475 4780 transitu
495 4737 553 4800 per
574 4718 782 4788 meridianum
804 4720 899 4796 abest,
927 4731 1067 4803 tempore
1092 4717 1209 4786 scilicet
1234 4721 1267 4784 in
1290 4741 1398 4792 arcum

101 4817 270 4898 aequamris
285 4839 446 4885 converso.
494 4821 582 4888 Hinc
601 4826 697 4912 igitur
712 4827 854 4891 celeritas
869 4849 960 4914 aquae
974 4827 1033 4890 erit
1048 4826 1133 4892 nulla
1148 4829 1175 4892 si
1197 4828 1290 4894 Luna
1305 4827 1398 4896 fuerit

724 4931 747 4980 Y
763 4937 779 4980 2
