3568 5872
201 559 507 658 LmrnTuarrus]
551 557 792 625 PRINCIPlA
816 555 1185 634 MATHEMATICA.
1432 579 1472 635 28

199 753 294 795 mnne
316 730 473 818 gravitatis
489 741 630 794 centrum
651 731 866 795 revolvantur:
889 747 1034 800 manente
1055 734 1125 824 lege
1146 739 1313 824 gravitatis,
1329 740 1474 806 distantla

200 851 377 902 oentrorum
393 835 493 900 Lunae
507 859 544 900 ac
559 835 669 900 Terrae
683 837 723 900 ab
737 834 869 902 invicem
888 841 947 903 erit
969 846 1032 921 601
1048 843 1346 910 semidiametrorum
1361 859 1473 912 terres·

200 947 296 1010 trium
317 944 436 1008 circiter
443 966 452 1019 3
478 945 524 1008 uti
550 945 811 1031 computationem
833 946 953 1010 inatmti
975 947 1101 1032 patebit
1147 951 1347 1036 computatio
1368 965 1472 1019 autem

201 1060 273 1126 iniri
286 1071 388 1144 potest
400 1080 456 1144 per
473 1058 567 1143 Prop.
585 1057 660 1122 LX.
677 1057 749 1124 Lib.
765 1057 792 1124 1.

754 1315 908 1379 Scholium.

240 1531 477 1598 Demonstratio
489 1531 714 1615 Propositionis
729 1531 773 1596 sic
787 1529 884 1596 fusius
899 1529 1047 1616 explicari
1061 1543 1172 1616 potest.
1205 1531 1239 1596 Si
1254 1531 1354 1596 Lunae
1368 1533 1472 1616 pluret

199 1639 314 1702 circum
339 1639 470 1718 Terram
496 1637 736 1714 revolverentur,
763 1637 894 1722 perinde
921 1647 955 1699 ut
980 1637 1017 1699 fit
1037 1637 1070 1700 in
1092 1651 1256 1723 systemate
1279 1638 1413 1703 Saturni·
1423 1635 1473 1701 vel

197 1743 301 1820 Jovis3
323 1745 434 1808 harum
457 1756 597 1827 tempora
617 1742 777 1826 periodica
799 1746 868 1826 (per
883 1755 1100 1827 argumentum
1113 1743 1313 1823 inductionis)
1329 1743 1473 1808 observa-

197 1863 267 1915 rent
290 1853 393 1939 legem
414 1851 609 1936 planetarum
634 1874 653 1914 a
677 1851 818 1935 Keplero
839 1849 1000 1926 detectam,
1025 1866 1057 1914 et
1076 1864 1242 1935 propterea
1263 1851 1375 1915 hurum
1393 1853 1473 1914 vires

198 1959 375 2050 centripetaa
391 1957 492 2020 forent
506 1955 663 2040 reciprocd
678 1970 713 2020 ut
728 1957 878 2042 quadrata
893 1956 1107 2018 distantiarum
1122 1981 1141 2018 a
1156 1969 1264 2018 centro
1280 1957 1400 2035 Terrae,
1416 1979 1473 2041 per
1555 1989 1564 1996 ·

199 2061 294 2147 Prop.
312 2062 338 2127 l.
352 2063 454 2146 hujus.
499 2060 542 2124 Et
559 2062 585 2124 si
606 2083 713 2125 earum
728 2061 836 2122 infima
850 2073 931 2124 esset
944 2081 1052 2142 parva,
1069 2073 1099 2122 et
1112 2061 1242 2123 vertices
1257 2059 1475 2126 altissimorum

197 2171 352 2232 montium
372 2189 470 2252 prope
491 2181 649 2254 tangeret:
672 2167 764 2251 hujus
787 2166 832 2228 vis
855 2164 1026 2247 centripeta
1047 2163 1106 2249 qud
1130 2165 1313 2228 retineretur
1334 2166 1366 2227 in
1390 2167 1474 2243 orbe,

198 2276 365 2361 gravitates
387 2295 554 2360 corporum
576 2276 609 2337 in
631 2275 795 2338 verticibus
817 2273 941 2335 illorum
963 2275 1115 2337 montium
1131 2278 1201 2358 (per
1215 2275 1477 2358 computationem

199 2382 441 2466 praecedentem)
465 2395 601 2466 aequaret
624 2379 870 2466 quamproxime,
895 2379 1089 2464 efficeretque
1115 2393 1150 2444 ut
1175 2381 1283 2444 eadem
1311 2381 1427 2456 lunula,
1451 2381 1477 2443 si

198 2500 287 2551 motu
313 2489 398 2550 omni
423 2509 485 2572 quo
509 2489 618 2573 pergit·
637 2487 670 2548 in
697 2486 772 2549 orbe
796 2508 853 2548 suo
873 2485 1057 2568 privaretur,
1080 2485 1203 2550 defectu
1225 2488 1270 2550 vis
1297 2487 1477 2572 centrifugae

199 2593 259 2681 qui
275 2594 307 2656 in
323 2595 398 2656 orbe
413 2606 634 2678 permanserat,
646 2591 848 2656 descenderet
858 2593 891 2654 in
903 2592 1045 2669 Terram,
1058 2593 1151 2678 idque
1162 2593 1270 2658 eidem
1282 2617 1353 2658 cum
1364 2593 1477 2657 veloci·
1558 2623 1565 2640 ·

200 2714 263 2766 tate
285 2699 345 2786 qud
367 2701 474 2787 gravia
488 2700 604 2763 cadunt
626 2699 658 2762 in
679 2699 805 2763 illorum
819 2699 971 2761 montium
986 2699 1161 2776 verticibus,
1177 2713 1304 2784 propter
1319 2700 1477 2785 aequalita-

200 2822 263 2874 tem
287 2810 399 2872 virium
424 2808 536 2893 quibus
561 2805 761 2871 descendunt.
815 2805 859 2869 Et
883 2807 910 2870 si
936 2807 979 2869 vis
1005 2806 1058 2872 illa
1084 2806 1144 2892 qud
1170 2807 1277 2870 lunula
1296 2807 1349 2870 illa
1370 2807 1478 2870 infima

186 2911 369 2994 'descendit
393 2916 515 2980 diversa
536 2926 616 2978 esset
638 2939 657 2978 a
677 2915 837 3001 gravitate,
861 2927 892 2980 et
910 2913 1019 2978 lunula
1039 2915 1092 2980 illa
1114 2916 1206 2980 ctiam
1226 2917 1329 3004 gravis
1344 2930 1424 2980 esset
1444 2917 1477 2979 in

203 3024 335 3086 Terram
357 3043 444 3085 more
459 3043 625 3105 corporum
640 3022 672 3082 in
683 3020 849 3084 verticibus
863 3021 1025 3098 montium,
1050 3021 1158 3084 eadem
1179 3020 1287 3085 lunula
1301 3023 1331 3085 vi
1346 3021 1478 3108 utrique

203 3127 366 3212 conjuncti
381 3127 478 3209 duplo
492 3125 628 3190 velocius
644 3125 855 3188 descenderet
902 3123 1010 3200 Quare
1025 3124 1095 3190 edm
1110 3127 1190 3190 vires
1205 3141 1353 3212 utraeque,
1377 3141 1409 3192 et
1426 3129 1485 3192 hm

207 3257 374 3322 corporum
395 3235 546 3320 gravium,
571 3246 601 3297 et
623 3233 685 3296 illae
708 3233 879 3308 Lunarum,
896 3244 1035 3296 centrum
1051 3234 1160 3296 Terrae
1175 3237 1349 3318 respiciant,
1366 3248 1397 3299 et
1418 3237 1478 3300 sint
1524 3311 1526 3320 Ι

202 3348 284 3410 inter
299 3367 331 3408 se
346 3343 459 3406 similes
476 3353 506 3405 et
521 3340 665 3425 oequales,
682 3339 800 3402 eaedem
822 3343 892 3422 (per
909 3339 987 3426 Reg.
1003 3347 1030 3401 1.
1043 3351 1074 3401 et
1090 3340 1152 3418 11.)
1175 3340 1305 3402 eandem
1319 3339 1478 3405 habebunt
1521 3321 1523 3328 Ι

203 3472 337 3516 causam.
383 3448 426 3511 Et
447 3458 613 3530 propterea
635 3443 681 3506 vis
703 3443 766 3518 illo,
790 3443 851 3527 qud
868 3443 960 3506 Luna
975 3443 1124 3506 retinetur
1138 3443 1171 3504 in
1186 3443 1262 3505 orbe
1276 3465 1342 3520 suo,
1360 3467 1397 3508 eu
1411 3446 1477 3529 ipsa

204 3559 261 3622 erit
284 3576 377 3640 quam
398 3574 455 3616 nos
477 3550 659 3636 gravitatem
681 3547 784 3611 dicere
807 3545 959 3610 solemus:
984 3547 1078 3634 idque
1099 3547 1233 3612 maximi
1255 3569 1295 3613 ne
1316 3548 1422 3614 lunula
1442 3553 1476 3616 in

203 3664 316 3726 vertice
330 3659 443 3721 montis
458 3655 507 3718 vel
521 3655 671 3740 gravitate
687 3664 798 3730 careat,
813 3651 862 3715 vel
877 3651 975 3735 dupld
987 3653 1121 3718 velocius
1137 3653 1226 3717 cadat
1240 3654 1331 3740 qudm
1346 3679 1476 3741 corpora

204 3771 309 3858 gravia
323 3767 424 3832 solent
438 3762 558 3828 cadere.

205 3950 252 4015 qud
266 3951 335 4000 altius
350 3960 385 4000 eat
399 3949 469 4012 suprl
487 3951 583 4000 Terram
599 3956 711 4008 punctum
725 3947 784 3996 illud
795 3961 822 3994 ex
855 3949 880 3998 in
888 3964 931 3997 suo
939 3947 1026 3996 circulo
1037 3947 1149 4008 percurrit
1157 3947 1243 3996 estll⁰
1250 3947 1268 3996 si
1277 3947 1345 4011 juxta
1355 3947 1475 3996 Tellurem

206 4031 252 4076 quo
268 4032 335 4078 grave
351 4015 475 4076 projicitur,
488 4013 516 4063 ed
528 4014 611 4061 minori
623 4028 681 4072 opus
692 4021 726 4058 est
737 4013 759 4058 vi
771 4027 822 4071 pro·
855 4013 950 4064 accedat
960 4021 983 4059 et
994 4011 1075 4060 eidem
1087 4011 1202 4060 celeritate
1215 4024 1342 4071 moveatur,
1358 4011 1475 4058 illatrant

203 4079 273 4139 jacuti
285 4091 312 4126 ut
322 4081 447 4141 projectum
459 4080 484 4126 in
494 4079 610 4140 planetam
621 4085 731 4131 mutetur,
743 4084 767 4122 et
776 4071 823 4138 qud
881 4117 886 4128 ,
939 4114 944 4134 ,
988 4113 994 4126 .
1260 4113 1266 4134 ,
1391 4079 1419 4122 51

208 4142 318 4188 humilius
333 4141 410 4190 ested
427 4144 506 4204 mermi
519 4140 599 4204 (ibid.)
612 4141 655 4186 hoc
667 4149 708 4194 eat,
720 4137 824 4184 celeritas
854 4125 898 4163 “¹⁸
910 4119 936 4162 ¹¹
952 4131 959 4172 3
976 4127 1040 4160 '¹⁰⁰¹
1055 4127 1133 4160 ’Μ’
1148 4127 1215 4160 ‘m’
1230 4119 1257 4161 Π
1280 4121 1314 4160 “²
1331 4156 1476 4198 mommo

207 4219 250 4265 ΡΨ
259 4204 305 4278 ,Vim
315 4205 454 4280 Pfflloeffleffn
469 4207 578 4266 lmPffl
588 4203 632 4251 ⁰¹1²
642 4199 731 4276 ῙΜξὲ
741 4211 768 4248 “ῑ
778 4201 824 4248 ‘¹⁵⁸‘
856 4217 920 4269 redit
932 4215 973 4278 qui
981 4213 1058 4262 radius
1067 4213 1122 4260 edm
1129 4213 1157 4262 ait
1166 4212 1251 4274 pedum
1263 4212 1474 4264 1961578811τίῑεί-

207 4279 289 4341 ¹⁸¹¹⁰¹¹2
306 4283 327 4314 V·
345 4284 379 4342 tf·
415 4271 439 4315 3¹
461 4269 529 4342 laum}
547 4267 627 4342 'fidem
646 4265 761 4312 “¹0¹¹stoe
778 4264 826 4326 «1¹¹³
857 4279 948 4328 auailla
959 4293 1036 4326 versus
1047 4279 1132 4337 pedum
1143 4287 1236 4328 eentum
1247 4277 1344 4332 circiter,
1355 4276 1395 4324 aad
1406 4291 1475 4338 grave

207 4347 271 4378 nuuc
282 4345 307 4376 vn
317 4331 389 4378 orbiti
397 4331 569 4380 sudrevolvvtur
576 4341 644 4392 Juxta
656 4329 760 4383 Terram,
772 4343 824 4388 pro-
856 4359 928 4405 μορε
946 4343 1042 4390 Tem
1063 4341 1144 4403 viginti
1166 4341 1215 4388 ἧψε
1235 4341 1349 4401 scrupuli,
1369 4339 1475 4386 muudi,

206 4395 317 4469 jiceretur
338 4395 463 4442 secundina
482 4395 630 4444 directionem
652 4392 824 4448 horizontulem,
856 4421 960 4470 “dendo
970 4419 1082 4481 [munit
1092 4425 1123 4468 20
1135 4425 1160 4476 χ
1174 4423 1207 4466 2⁰
1218 4427 1242 4476 χ
1259 4407 1335 4484 Μὴ,
1350 4418 1401 4466 siv&
1411 4425 1474 4466 6033

206 4457 267 4507 crrcd
291 4456 410 4504 Tellurem
431 4475 477 4506 non
504 4459 595 4522 giraret,
623 4455 663 4504 aed
683 4455 825 4502 terrestrium
857 4487 910 4547 ped·
947 4484 1016 4533 Unde
1032 4483 1354 4530 Lumindmlowom
1365 4481 1475 4540 ”⁸⁰⁸5ss

205 4521 362 4616 projectilium
373 4536 436 4568 more
446 4523 469 4568 in
483 4522 579 4596 Terram
589 4519 687 4576 caderet,
702 4527 826 4582 antequam
857 4550 898 4596 ”d
913 4547 983 4611 long,
999 4546 1063 4607 prius
1077 4548 1103 4592 in
1120 4547 1217 4593 Tem
1231 4546 1352 4610 {mmm
1360 4544 1432 4610 quim
1443 4551 1475 4592 m

233 4601 273 4646 per
286 4595 376 4632 tertiam
392 4595 480 4645 partem
494 4595 577 4632 minuti
589 4594 648 4632 esset
658 4591 728 4629 mota.
764 4583 825 4628 Nam
857 4611 959 4661 mm
968 4611 1045 4672 ‘¹⁸9³
1054 4609 1157 4658 sumt·

206 4665 272 4698 arcus
282 4664 353 4714 quem
365 4649 436 4697 Luna
447 4653 478 4696 20
489 4648 602 4710 scrupulis
612 4645 719 4695 secundis
729 4645 826 4693 horariis
