3540 5886
344 569 405 627 sss
589 507 855 636 momsmro
878 551 1082 622 rnrsrcu
1104 552 1155 618 m
1179 549 1372 618 clusum

342 781 514 844 maximum
528 777 602 844 verb
621 756 845 842 incrementum
864 805 899 830 =
916 739 1085 898 ἢῶ-Ῐοο-ῶς
1116 773 1200 838 unde
1222 791 1370 840 numerus
1391 769 1627 836 oecillationum

343 948 482 1032 ejusdem
502 943 630 1030 penduli
652 945 763 1008 eodem
784 955 924 1028 tempore
949 941 1115 1018 edituum,
1139 939 1194 1004 illo
1217 961 1291 1007 casu
1316 940 1375 1003 erit
1400 951 1436 1004 ut
1463 938 1495 1000 ts
1523 941 1551 1022 (1
1577 975 1626 988 -

343 1065 667 1180 -Ξ-)εειιΙ-ι

344 1163 491 1220 3500000

344 1271 526 1374 -1--.
569 1305 701 1372 Numeri
723 1329 798 1394 ergo
820 1305 1046 1372 oscillationum
1067 1304 1106 1368 ab
1127 1303 1236 1370 eodem
1252 1297 1389 1390 pendulo
1409 1303 1519 1366 eodem
1539 1314 1621 1368 teru-

345 1365 515 1428 14000000

341 1485 420 1549 pore
433 1470 655 1552 absolutarum,
673 1473 745 1538 otim
758 1473 893 1560 gravitas
907 1471 1042 1538 maxime
1056 1482 1103 1536 est
1117 1471 1278 1548 diminuta,
1293 1481 1325 1534 et
1338 1469 1409 1534 otim
1422 1467 1557 1534 maxim&
1572 1483 1622 1536 est

344 1587 446 1652 aucta,
463 1579 612 1644 tenebunt
626 1581 778 1644 rationem
792 1591 828 1642 ut
843 1587 1010 1646 13999998
1026 1577 1068 1642 ad
1083 1585 1262 1654 14000001,
1284 1575 1345 1638 hoo
1358 1587 1406 1638 est
1418 1587 1454 1638 ut
1466 1583 1618 1644 4666666

342 1683 384 1748 ad
406 1691 566 1764 4666667,
591 1709 632 1752 ex
653 1709 715 1771 quo
738 1687 810 1750 satis
830 1684 1016 1769 perspicitur
1034 1682 1240 1748 differentiam
1261 1679 1343 1745 hanc
1356 1678 1483 1744 minime
1499 1683 1619 1768 percipi

341 1813 441 1876 posse.
487 1793 603 1860 Similis
625 1805 728 1860 autem
750 1791 877 1858 omnind
898 1807 944 1858 est
958 1794 1037 1856 ratio
1051 1793 1177 1858 alterius
1191 1790 1389 1878 pboenomeni
1403 1789 1618 1856 declinationis

342 1900 457 1964 scilicet
471 1924 491 1964 a
504 1901 564 1966 situ
579 1902 716 1977 verticuli
730 1912 917 1987 comparata,
933 1921 1003 1988 quae
1018 1919 1178 1988 nunquam
1191 1895 1232 1964 ad
1247 1902 1296 1965 5¹⁸
1310 1919 1477 1988 exsurgere
1490 1913 1602 1986 potest.

748 2366 922 2443 CAPUT
948 2358 1204 2442 TERTIUM.

366 2566 427 2636 De
442 2565 591 2658 Figurd‚
613 2587 712 2662 quom
728 2563 818 2635 vires
833 2559 907 2635 edm
924 2561 1022 2647 Solia,
1046 2557 1118 2633 ttim
1134 2561 1259 2647 Lunoe,
1288 2563 1412 2637 Terre
1432 2560 1593 2634 iuducere

890 2691 1067 2754 conantur.

338 2895 363 2972 6.
381 2897 431 2952 sl.
456 2857 556 2956 Cum
576 2894 671 2980 igitur
690 2895 723 2957 in
740 2893 850 2979 Capite
871 2894 1067 2980 praecedente
1085 2894 1165 2958 vires
1181 2903 1244 2957 tarn
1259 2917 1279 2958 a
1294 2893 1368 2961 Sole
1382 2892 1475 2984 quim
1489 2919 1508 2958 a
1523 2896 1616 2962 Luni

338 2999 486 3064 oriundas
511 3002 825 3083 determinaverimus,
851 3005 962 3090 quibus
988 3003 1117 3091 singular
1141 3002 1252 3067 Terrae
1276 3003 1437 3088 particulae
1461 3005 1501 3067 ad
1523 3005 1616 3068 situm

337 3107 499 3172 relativum
514 3108 585 3173 eirm
601 3111 680 3174 inter
695 3134 727 3175 se
742 3109 809 3176 ttim
822 3124 966 3197 respectu
981 3111 1088 3189 centri,
1109 3111 1193 3197 quod
1208 3111 1241 3174 in
1254 3111 1315 3176 hoc
1328 3107 1455 3198 negotio
1470 3123 1617 3196 tanquam

338 3217 498 3301 quiescens
520 3217 743 3296 consideratur,
767 3219 995 3282 immutandum
1018 3218 1221 3282 sollicitantur
1230 3241 1240 3294 ς
1270 3215 1347 3281 ordo
1374 3215 1553 3302 requireret,
1580 3229 1616 3281 ut

332 3321 399 3405 jam
414 3321 446 3383 in
461 3321 563 3406 ipsum
577 3335 707 3400 motum,
724 3348 786 3411 quo
802 3325 931 3413 singulte
945 3325 1105 3411 particule
1124 3315 1204 3388 inte'r
1219 3346 1252 3387 se
1267 3322 1455 3386 commoveri
1470 3323 1614 3399 debeant,

340 3429 577 3514 inquireremus.
623 3433 741 3496 Verum
764 3433 836 3498 crim
857 3433 927 3497 baec
948 3429 1143 3522 investigatio
1157 3433 1196 3498 sit
1210 3432 1327 3497 altioris
1342 3432 1506 3520 indaginis,
1522 3446 1615 3518 atque

336 3560 415 3622 opus
430 3537 545 3604 habeat
559 3539 720 3627 principiis
735 3543 924 3607 mechanicis
940 3542 980 3606 ad
994 3555 1113 3606 motum
1127 3541 1261 3627 partium
1282 3541 1363 3605 inter
1378 3564 1410 3604 se
1425 3540 1616 3626 respicienti·

335 3642 404 3722 buS,
420 3643 523 3730 qualia
536 3646 589 3710 vix
605 3669 736 3734 usquam
750 3648 853 3712 adhuc
867 3650 1080 3734 reperiuntur3
1106 3649 1139 3712 in
1160 3648 1221 3713 hoc
1238 3647 1349 3734 Capite
1363 3649 1429 3712 rem
1444 3647 1624 3714 secunddm'

333 3755 489 3842 principia
511 3759 619 3822 statice
640 3759 768 3824 ulteritis
789 3759 934 3846 persequi
953 3782 1128 3848 pergamus,
1152 3782 1189 3822 ac
1211 3759 1343 3846 figuram
1363 3757 1613 3837 determinemus,

334 3885 428 3947 quam
449 3865 530 3928 vires
556 3867 636 3930 Solis
659 3881 690 3931 et
712 3868 813 3932 Lunae
836 3867 907 3932 crim
929 3870 1057 3932 seorsim
1075 3867 1142 3932 tium
1156 3868 1249 3934 etiam
1264 3869 1451 3954 conjunctim
1466 3869 1614 3932 inducere

334 3985 494 4037 consuitur.
519 3975 762 4040 Huncinfinem
772 3979 905 4042 Terram
914 3977 1120 4066 undequaque
1132 3978 1259 4044 materiei
1269 3979 1364 4044 fluidi
1377 3998 1430 4043 seu
1440 3979 1518 4066 aqui
1531 3981 1614 4044 cino·

332 4091 398 4142 tam
410 4080 698 4164 contemplabimur,
712 4083 774 4168 qui)
784 4084 1047 4149 sollicitationibus
1057 4085 1183 4150 obedire
1192 4109 1228 4150 ac
1240 4085 1371 4172 figuram
1380 4087 1417 4151 iis
1429 4088 1613 4150 convenien-

333 4201 397 4253 tem
412 4203 482 4254 actu
498 4191 628 4255 induere
643 4207 744 4278 queat.
790 4193 828 4258 Iu
842 4195 903 4259 hoc
917 4195 1033 4260 scilicet
1053 4195 1179 4284 negotio
1196 4196 1300 4260 Solem
1315 4209 1345 4260 et
1360 4195 1483 4260 Lunam
1497 4198 1614 4281 pariter

333 4321 370 4362 ae
392 4299 490 4384 ipsam
513 4299 645 4366 Terram
668 4301 858 4387 quiescentes
880 4303 1080 4389 concipimus,
1103 4304 1147 4367 ita
1166 4313 1202 4366 ut
1222 4303 1301 4366 inter
1317 4326 1350 4366 se
1369 4301 1521 4388 perpetub
1537 4326 1612 4393 eun·

335 4405 408 4469 dem
423 4410 516 4471 situm
531 4409 693 4476 relativum
708 4422 900 4489 conservent,
925 4434 986 4497 quo
1005 4425 1098 4496 pacto
1114 4411 1223 4474 Terrae
1239 4409 1278 4474 ab
1293 4410 1464 4474 actionibus
1481 4403 1561 4474 Solis
1575 4433 1613 4473 ac

335 4513 436 4577 Lunae
451 4517 552 4603 figura
565 4539 750 4601 permanens
762 4540 837 4581 mox
851 4519 1005 4597 induetur,
1019 4541 1112 4605 quem
1123 4517 1242 4582 tamdiu
1253 4519 1405 4596 retinebit,
1419 4517 1523 4604 quoad
1538 4519 1612 4581 item

334 4622 409 4686 situs
431 4624 576 4688 relativus
599 4625 699 4690 duret.
745 4627 949 4712 Perspicuum
969 4641 1074 4691 autem
1096 4640 1143 4691 est
1165 4628 1373 4714 cognitionem
1394 4627 1486 4712 hujus
1502 4627 1613 4714 figurae

333 4751 449 4816 magno
465 4729 601 4802 futurum
616 4755 683 4797 esse
697 4734 876 4819 adjumento
897 4736 937 4798 ad
958 4732 1095 4820 ejusdem
1109 4733 1221 4822 figurae
1235 4733 1520 4800 transmutationem
1535 4731 1613 4795 deli·

334 4838 491 4916 mendam,
508 4839 534 4902 si
547 4852 613 4910 tam
629 4841 695 4906 Soli
710 4841 803 4928 quim
818 4843 920 4908 Lunae
933 4855 1036 4908 motus
1051 4843 1212 4910 tribuatur.
