3520 5884
307 514 361 578 xiv
783 503 1118 576 manuario
1186 461 1212 582 J
1444 510 1542 592 [cn.
1559 513 1586 578 1.

307 682 376 747 SA
393 679 524 766 Bauius
545 681 657 747 limbm
672 682 704 746 A
719 682 749 747 C
765 683 793 748 B
812 683 846 747 in
859 682 975 770 gradus
991 697 1023 748 et
1036 684 1156 749 minuta
1178 684 1294 750 divisus
1316 697 1364 748 est
1385 683 1429 750 iat
1442 687 1587 752 statuitur

305 799 342 852 st
354 785 442 850 iilam
458 790 481 854 S
498 788 526 852 C
540 788 575 854 D
590 788 728 876 pondere
743 788 777 854 D
792 801 916 856 tamum
929 790 1065 877 ideoque
1086 791 1241 869 verticale,
1264 791 1394 856 limbum
1417 791 1499 856 illius
1518 805 1586 858 tan·

303 905 367 982 gat,
382 893 496 962 deinde
509 893 554 962 itt
568 895 697 964 vertitur
711 905 746 960 ut
760 895 846 962 sidus
861 897 892 962 L
906 897 994 982 cujus
1008 897 1142 963 altitudo
1152 897 1347 964 observanda
1357 909 1414 976 est,
1428 919 1487 982 per
1495 899 1586 986 diop·

300 2922 365 2974 tras
381 2918 434 2972 aut
448 2929 504 2992 per
519 2901 721 2988 telescopium
735 2897 826 2966 lateri
844 2902 866 2966 S
884 2899 912 2965 B
927 2879 1056 2968 affixum
1071 2901 1213 2970 videatur
1226 2906 1259 2970 in
1274 2905 1384 2970 eodem
1402 2905 1499 2970 latere
1516 2907 1538 2970 S
1555 2904 1584 2969 B

300 3017 468 3104 producto.
506 3019 581 3094 Quo
596 3015 687 3092 facto,
703 3011 837 3078 habetur
852 3034 942 3076 arcus
959 3013 989 3076 A
1007 3013 1045 3090 C,
1061 3035 1208 3078 mensura
1222 3013 1392 3079 altitudinis
1406 3013 1584 3100 apparentis

300 3125 331 3192 L
355 3129 378 3194 S
399 3127 438 3206 h;
461 3151 534 3192 nam
556 3123 627 3192 clun
649 3123 738 3188 filum
760 3146 778 3187 e
800 3117 981 3208 quadrantis
1004 3133 1112 3185 centro
1136 3123 1168 3199 S,
1191 3121 1332 3206 pendens
1355 3123 1396 3186 sit
1414 3145 1536 3206 semper
1550 3122 1585 3186 in

299 3233 396 3318 plano
416 3231 565 3311 verticali,
588 3228 743 3320 quadrans
766 3230 798 3293 A
822 3229 845 3294 S
869 3228 897 3292 B
919 3227 978 3291 erit
999 3227 1092 3290 etiam
1113 3229 1145 3291 in
1163 3229 1582 3315 eodemplano,(Eucl.18.

301 3337 379 3418 XI.)
395 3339 527 3426 ideoque
549 3337 571 3404 h
591 3360 608 3401 r
629 3337 669 3402 ad
687 3338 709 3402 S
725 3335 758 3401 D
772 3333 1050 3420 perpendicularis,
1068 3334 1126 3398 erit
1139 3335 1315 3400 intersectio
1329 3337 1498 3400 horizontis
1514 3359 1583 3400 sen·

301 3445 398 3510 sibilis
413 3459 445 3512 et
457 3447 544 3532 plani
557 3445 711 3511 verticalis
725 3465 783 3529 per
806 3439 835 3506 L
856 3441 950 3519 ducti,
967 3437 1060 3526 atque
1075 3441 1207 3528 angulus
1224 3442 1253 3506 L
1270 3443 1293 3506 S
1308 3441 1330 3504 h
1345 3442 1453 3506 sideris
1470 3442 1498 3506 L
1514 3439 1583 3506 alti·

301 3553 380 3617 tudo
401 3573 563 3638 apparens.
604 3551 673 3638 ,sed
695 3553 721 3614 si
743 3550 782 3614 ab
804 3548 926 3636 angulis
947 3547 1039 3612 rectis
1061 3548 1093 3612 L
1109 3550 1132 3614 S
1147 3549 1189 3626 A,
1210 3560 1241 3612 et
1256 3547 1278 3610 h
1295 3549 1318 3614 S
1333 3547 1377 3625 D,
1394 3545 1583 3612 subducatur

301 3659 474 3723 communis
489 3659 511 3723 b
529 3659 552 3726 S
567 3659 608 3738 A,
624 3668 787 3723 remanent
801 3653 936 3742 aequales
951 3654 1058 3742 anguli
1076 3655 1106 3720 L
1122 3657 1145 3722 S
1159 3655 1181 3719 h
1197 3668 1229 3722 et
1243 3656 1274 3720 A
1291 3655 1314 3720 S
1330 3654 1359 3719 C
1368 3678 1378 3732 ;
1401 3655 1493 3740 hujus
1507 3655 1582 3720 verb

177 3781 182 3794 ·
300 3785 445 3832 mensura
459 3779 610 3833 astamus
626 3766 656 3830 A
673 3763 711 3830 C.

345 3879 395 3936 12.
419 3871 508 3938 Hinc
529 3867 664 3936 describi
685 3881 790 3956 potest
803 3867 886 3934 linea
900 3869 1073 3936 meridiana
1086 3867 1181 3955 supra
1196 3892 1289 3958 quam
1304 3869 1331 3933 si
1345 3869 1489 3934 statuitur
1509 3889 1581 3952 per·

298 3975 540 4062 pendiculariter
555 3975 710 4063 quadrans
725 3976 843 4054 circuli,
867 3975 1026 4042 observari
1040 3977 1155 4062 poterit
1170 3975 1301 4041 altitudo
1315 3975 1487 4040 meridiana
1501 3973 1581 4038 side·

299 4085 354 4152 ris.
399 4081 483 4151 Nam
498 4085 686 4152 meridianus
707 4087 868 4171 portiones
891 4086 960 4150 illas
984 4085 1170 4152 circulorum
1185 4086 1336 4172 aequatori
1349 4083 1579 4172 parallelorum,

301 4209 372 4278 quoe
394 4213 489 4278 supra
508 4191 702 4256 horizontem
725 4191 862 4256 eminent
884 4205 916 4256 et
938 4192 992 4278 qui
1017 4215 1106 4258 arcus
1128 4191 1233 4256 diurni
1258 4193 1413 4269 dicuntur,
1438 4189 1581 4256 bifariam

300 4312 384 4364 secat
398 4305 467 4385 (per
483 4299 534 4366 El.
550 4301 613 4365 XI.
633 4310 682 4367 19.
698 4313 730 4364 et
744 4311 785 4379 4,
810 4314 841 4365 et
857 4301 907 4364 El.
926 4301 990 4364 ΙΙΙ.
1008 4301 1073 4381 30.)
1097 4299 1168 4364 crim
1184 4302 1224 4364 sit
1238 4301 1298 4364 illis
1313 4300 1435 4364 circulis
1450 4313 1483 4365 et
1496 4299 1580 4364 hori-

300 4409 384 4472 zonti
398 4432 451 4474 eos
466 4433 556 4474 arcus
570 4409 748 4476 terminanti
768 4409 1043 4496 perpendicularis,
1059 4422 1090 4473 et
1104 4421 1269 4493 propterea
1284 4409 1310 4472 si
1324 4409 1357 4471 in
1371 4408 1488 4473 eirardo
1502 4427 1579 4492 quo·

300 4514 377 4580 libet
403 4516 518 4580 diurno
541 4529 700 4582 sumantur
725 4503 841 4602 puncta
866 4517 930 4580 duo
957 4514 1129 4579 hincinde
1154 4515 1306 4578 orientem
1332 4527 1363 4580 et
1388 4513 1579 4580 occidentem

299 4619 407 4686 versis
421 4646 441 4687 a
454 4621 627 4689 meridiano
642 4622 878 4711 aequidistantia,
895 4647 932 4687 ea
946 4633 1062 4705 puncta
1072 4634 1163 4685 erunt
1173 4644 1268 4707 supra
1276 4622 1468 4688 horizontem
1483 4622 1579 4685 sensi-

300 4729 396 4794 bilem
411 4729 501 4810 oeque
516 4729 588 4810 alta,
604 4744 637 4796 et
650 4731 759 4796 contra
773 4731 799 4796 si
814 4729 904 4817 aeque
919 4728 1067 4808 alta‘sint,
1090 4752 1110 4793 a
1123 4729 1295 4797 meridiano
1308 4732 1384 4796 hinc
1397 4729 1469 4796 inde
1484 4729 1578 4816 oequi-
