3516 5870
452 538 642 610 FLUXUS
661 539 724 606 AO
743 531 996 606 REFLUXUS
1017 535 1177 610 Mente
1368 541 1431 608 stt

553 901 727 980 CAPUT
752 902 1030 990 QUARTUM.

238 1138 299 1210 De
314 1139 429 1211 Fluxa
444 1161 486 1210 ae
502 1139 652 1234 equum
670 1137 793 1214 Maris
807 1139 839 1212 ri
853 1161 943 1235 apen
959 1137 1049 1216 omni
1069 1137 1195 1212 inertia
1209 1149 1353 1212 cureret.

156 1388 181 1466 §.
204 1391 255 1448 46.
291 1357 401 1472 Qun
422 1385 456 1446 in
479 1380 590 1465 Cupite
610 1379 806 1466 praecedente
828 1391 901 1444 sunt
923 1378 1036 1444 tradita
1057 1379 1226 1468 respiciunt
1247 1379 1434 1466 hypothesin

157 1503 336 1571 assumtam,
352 1491 414 1578 qut
431 1489 538 1554 Solem
551 1511 589 1553 ac
604 1487 728 1561 Lunum
741 1498 886 1574 respectu
901 1485 1011 1550 Terre
1029 1483 1181 1572 perpetuh
1195 1485 1328 1550 eundem
1342 1487 1435 1551 situm

155 1613 261 1666 tenere
274 1601 453 1685 posuimus;
476 1597 582 1684 ibique
602 1596 760 1684 proeeipue
781 1609 895 1663 statum
914 1597 1089 1684 equilibrii,
1105 1596 1145 1662 ed
1160 1619 1254 1686 quem
1268 1619 1402 1662 oceanus
1416 1621 1436 1660 a

92 1779 95 1784 Δ
155 1706 273 1771 rinbus
290 1705 371 1772 Solis
386 1717 418 1770 et
432 1705 534 1770 Lunae
554 1704 753 1790 perducatur,
775 1705 1056 1771 determinavimus.
1101 1703 1214 1793 Longe
1229 1705 1317 1768 aliter
1325 1715 1435 1772 *autern

156 1835 190 1877 se
204 1835 254 1878 res
268 1814 375 1893 hebet,
391 1815 417 1879 si
431 1825 495 1879 tam
511 1813 604 1880 Lmre
618 1825 650 1878 et
665 1814 721 1879 Sol
742 1813 835 1902 qurlm
851 1815 954 1880 Terra
966 1815 1000 1878 in
1013 1827 1134 1880 motum
1147 1814 1350 1890 collocentur,
1373 1833 1436 1899 quo

156 1943 230 1986 casu
244 1922 286 1985 ob
300 1935 483 2008 perpetium
497 1921 573 1988 siths
588 1921 707 1987 relativi
721 1923 923 1987 mutationem
937 1943 1096 2008 nunquam
1107 1921 1316 2008 aequilihrium
1326 1919 1435 1984 adesse

155 2031 286 2115 poterit;
309 2029 380 2094 crim
402 2031 485 2095 enirn
506 2043 646 2114 ternpore
667 2052 746 2115 opus
767 2029 816 2107 sit,
837 2035 901 2115 quo
914 2029 988 2093 (lata
1001 2029 1048 2092 vis
1062 2028 1169 2092 datum
1185 2049 1298 2112 corpus
1312 2035 1353 2090 ad
1366 2049 1435 2090 mo-

156 2147 224 2199 tum
244 2136 405 2220 perducat,
427 2137 543 2221 duplici
565 2135 661 2200 modo
682 2147 780 2201 status
799 2135 907 2200 oceani
928 2135 1101 2222 assignatus
1115 2157 1135 2200 a
1148 2154 1222 2198 vero
1236 2132 1434 2217 discrepabit.

158 2243 302 2331 Namque
314 2244 417 2330 primh
433 2268 513 2331 equa
527 2245 637 2333 quovis
656 2255 816 2308 momento
830 2243 864 2306 in
878 2265 949 2307 eum
959 2241 1122 2330 aequilibrii
1138 2241 1241 2318 situm,
1254 2263 1345 2327 quem
1358 2239 1438 2303 vires

158 2351 354 2416 sollicitantes
369 2351 543 2429 intendunt,
559 2351 722 2436 pervenire
736 2373 800 2415 non
819 2351 944 2435 poterit,
968 2349 1023 2414 sed
1045 2360 1166 2414 tentum
1180 2347 1220 2412 ad
1235 2369 1308 2411 etun
1321 2367 1436 2430 appro-

150 2456 319 2542 pinquabit
340 2456 488 2524 continub
498 2481 507 2534 3
531 2455 644 2522 deinde
665 2456 785 2520 etiamsi
805 2455 839 2520 in
858 2457 961 2542 ipsum
975 2455 1139 2542 aequilibrii
1154 2453 1248 2518 situm
1266 2453 1438 2542 perveniet,

157 2561 191 2624 in
212 2583 251 2626 eo
271 2575 376 2628 temen
390 2584 455 2627 non
469 2564 652 2650 acquiescet,
675 2562 730 2627 sed
748 2575 835 2627 motu
852 2565 919 2648 jum
934 2574 1086 2646 concepto
1100 2557 1228 2625 ulterius
1243 2559 1368 2636 feretur,
1392 2559 1438 2622 uti

158 2687 199 2732 ex
220 2667 332 2733 nettuh
355 2667 458 2734 motus
481 2667 605 2734 abunde
629 2679 760 2732 constat
806 2667 913 2752 Hujus
934 2679 1038 2732 autern
1056 2666 1218 2751 utriusque
1236 2663 1440 2728 aberrationis

156 2773 237 2836 ratio
257 2773 291 2836 in
313 2773 422 2838 inertie
444 2795 534 2860 equae
548 2785 595 2838 est
608 2775 721 2858 posita,
744 2772 805 2860 qul
820 2773 857 2837 fit
870 2785 906 2837 ut
919 2795 1000 2859 sque
1014 2793 1072 2836 nee
1085 2771 1192 2836 subitb
1214 2771 1247 2835 in
1261 2791 1333 2834 eum
1347 2769 1440 2833 situm

157 2901 191 2944 se
205 2879 351 2958 conferat,
367 2881 401 2944 in
415 2901 478 2966 quo
492 2901 564 2944 eum
578 2879 695 2944 viribus
709 2878 801 2944 deun
815 2877 1033 2966 oequilibrlum,
1056 2901 1115 2944 nec
1129 2875 1201 2942 etim
1215 2877 1301 2942 huno
1315 2877 1435 2964 equili-

158 2985 218 3050 brii
237 2986 330 3049 situm
343 2987 488 3074 attigerit,
511 2987 555 3050 ihi
576 2989 722 3072 quiescat.
768 2987 925 3063 Quocirca
944 3009 985 3052 ne
1007 2985 1222 3052 difficultatum
1236 2984 1436 3049 multitudine

161 3093 340 3170 obnitimur,
363 3115 476 3180 equam
497 3095 583 3158 omni
603 3094 713 3160 inertih
737 3109 892 3160 carentem
913 3115 1115 3174 assumemus,
1137 3097 1199 3160 hoc
1216 3109 1263 3160 est
1284 3097 1371 3160 istius
1392 3095 1440 3157 iu·

160 3197 249 3275 dolis,
272 3209 308 3261 ut
328 3219 393 3263 non
414 3197 516 3262 solrlm
537 3200 645 3284 quovis
658 3211 816 3264 momento
831 3223 864 3264 se
885 3202 919 3264 in
933 3213 1049 3264 statum
1063 3201 1228 3290 aequihbrii
1242 3199 1344 3264 subin
1360 3200 1438 3264 reci-

159 3304 235 3389 piat,
258 3303 313 3369 ted
335 3304 378 3368 ibi
400 3305 493 3368 etiem
507 3326 632 3368 omnem
646 3317 765 3370 motum
779 3305 905 3369 insitum
920 3303 1106 3390 deponendo
1120 3317 1310 3391 permaneat,
1332 3328 1440 3392 quam·

160 3413 215 3479 diu
228 3415 287 3478 iste
302 3414 376 3482 situs
391 3413 508 3480 viribus
519 3413 754 3480 sollicitantibus
769 3413 941 3480 conveniet.
972 3411 1047 3480 Htc
1057 3403 1161 3500 itiaque
1170 3411 1251 3478 fecti
1261 3411 1435 3499 hypothesi,

159 3520 358 3603 perspicuum
385 3531 432 3584 est
452 3541 565 3606 aquam
585 3519 693 3604 quouis
714 3520 863 3603 temporis
885 3532 1043 3583 momento
1064 3519 1097 3583 in
1119 3541 1156 3584 eo
1182 3519 1251 3603 ipso
1270 3530 1351 3583 statu
1369 3517 1436 3582 fore

161 3629 369 3704 constitutum,
385 3627 440 3713 qui
461 3624 632 3692 secundnm
652 3640 810 3714 precepta
832 3627 952 3712 Cupitis
968 3625 1173 3711 precedentis
1195 3622 1343 3710 positioni
1366 3624 1436 3690 erim

164 3733 244 3800 Solis
257 3734 326 3800 trlm
342 3736 444 3798 Lunoe
457 3735 654 3819 respondeat.

203 3845 227 3922 §.
242 3849 293 3909 47.
317 3839 367 3908 Ut
388 3842 483 3930 igitur
503 3841 537 3903 in
557 3837 618 3904 bie
638 3839 813 3927 hypothesi,
838 3841 898 3928 qui
920 3863 1005 3907 mare
1020 3843 1065 3906 vis
1087 3841 1207 3910 inertiae
1221 3865 1334 3928 expers
1349 3851 1439 3928 ponl·

161 3968 241 4026 mus,
252 3971 320 4033 ¹pro
341 3949 449 4036 quovis
470 3948 541 4014 loeo
554 3949 596 4014 ad
610 3949 741 4036 quodvis
754 3963 878 4037 tempus
893 3963 1006 4018 statum
1019 3953 1116 4018 muris
1135 3952 1230 4040 quim
1250 3951 1439 4018 commodis-

162 4055 238 4122 sime
253 4057 445 4136 definiamus,
467 4057 604 4145 primrlm
618 4060 717 4124 solam
732 4059 856 4128 Lunam
870 4061 1145 4142 commonebimus,
1169 4061 1241 4128 crim
1257 4062 1291 4128 in
1307 4059 1343 4126 eb
1357 4081 1440 4146 pre-

162 4165 255 4248 cipue
278 4165 370 4230 testim
395 4167 488 4234 meris
513 4189 607 4234 muse
632 4168 834 4248 contineatur,
860 4183 953 4257 etque
976 4183 1042 4235 tem
1061 4171 1164 4238 fluxus
1186 4193 1279 4258 quern
1301 4169 1438 4234 refluxus

162 4271 256 4333 maris
278 4293 298 4334 e
318 4271 448 4336 transitu
470 4271 571 4340 Luuae
592 4295 650 4360 per
670 4273 876 4340 meridianum
890 4275 1063 4362 computari
1076 4276 1191 4340 soleat:
1204 4274 1299 4361 'qubd
1313 4275 1340 4338 si
1354 4273 1438 4338 enirn
1541 4325 1544 4334 .

163 4377 265 4444 Lunae
280 4380 406 4447 effectus
421 4381 598 4462 innotuerit,
614 4404 678 4448 non
693 4381 794 4448 solium
810 4383 890 4450 Solis
902 4383 1027 4450 effectus
1038 4406 1162 4472 quoque
1175 4381 1301 4446 mutatis
1315 4391 1434 4444 mutan·

160 4485 210 4560 dis
234 4486 405 4573 oolligetur,
433 4487 488 4554 sed
512 4489 605 4554 etiam
627 4489 763 4570 effectus,
787 4491 841 4576 qui
870 4491 910 4556 eb
938 4489 1088 4556 ambobus
1112 4487 1316 4554 luminaribus
1341 4485 1433 4551 §mul

162 4593 326 4681 agentibus
340 4591 555 4678 proficiscitur.
584 4597 766 4681 Propositus
777 4597 873 4685 igitur
883 4598 923 4661 sit
933 4597 1042 4662 Terrae
1056 4597 1142 4660 locus
1151 4595 1337 4682 quicunque,
1351 4593 1437 4678 eujus

161 4699 195 4762 in
209 4699 289 4764 coelo
304 4697 408 4762 zenith
423 4699 463 4762 sit
479 4699 515 4777 Z,
531 4699 659 4766 horizon
672 4701 753 4780 HQ
764 4702 839 4768 Oet
855 4701 986 4786 Ppolus
999 4701 1141 4780 borealis,
1157 4701 1201 4765 ite
1212 4713 1246 4765 ut
1259 4721 1348 4764 arcus
1365 4700 1392 4766 P
1406 4699 1438 4764 0

164 4808 204 4874 sit
217 4807 309 4896 hujus
323 4808 384 4873 loci
399 4809 530 4874 elevatio
543 4811 617 4894 poli,
633 4825 664 4875 et
679 4813 811 4876 circulus
828 4812 890 4876 PZ
902 4811 938 4875 H
952 4811 982 4874 N
996 4809 1028 4875 Ο
1042 4808 1238 4874 meridianus.
1284 4810 1331 4874 sit
1343 4804 1439 4891 porrb
