3516 5870
427 479 617 546 FLUXUS
640 477 700 548 AC
727 477 980 546 REFLUXUS
1003 479 1160 546 manta
1369 487 1429 546 303

152 653 186 717 in
205 652 353 718 fluxubus
375 653 458 718 circa
478 653 617 740 syzygias
639 650 732 738 quim
746 652 970 738 quadraturas:
992 654 1026 718 in
1046 653 1242 740 quadraturis
1256 652 1340 740 enim
1352 674 1429 738 quo-

152 759 246 836 niam,
270 758 346 823 dum
366 758 460 822 Luna
479 779 536 842 per
556 756 763 820 meridianum
784 759 904 836 transit,
928 760 981 826 Sol
997 781 1062 824 non
1076 781 1198 844 semper
1219 759 1252 822 in
1268 759 1428 824 horizonte

151 877 299 942 versatur,
323 865 378 930 sed
400 863 509 928 velud
530 861 723 928 horizontem
745 862 871 928 dentum
894 865 1014 933 accedit
1034 867 1083 929 vel
1099 868 1165 950 jam
1186 866 1225 930 ab
1245 887 1283 929 eo
1300 865 1426 943 recedit,

149 995 275 1036 necesse
296 985 342 1038 est
363 983 398 1036 ut
417 969 471 1034 illo
492 991 565 1034 casu
586 971 690 1034 fluxus
713 969 811 1048 cithia,
833 971 895 1036 hoc
915 971 990 1036 verb
1009 971 1127 1036 tardids
1142 972 1320 1060 contingat:
1343 974 1427 1058 quod

149 1081 315 1145 discrimen
327 1078 397 1144 crim
410 1078 525 1162 partim
536 1077 576 1142 ab
588 1077 759 1142 elevatione
772 1079 847 1162 poli,
859 1081 973 1164 partim
983 1103 1003 1144 a
1011 1079 1216 1146 declinatione
1229 1082 1427 1146 luminarium

147 1195 291 1279 pendeat,
306 1207 464 1260 rnamenta
478 1193 621 1256 fluxuum
635 1192 668 1256 in
684 1192 879 1278 quadraturis
893 1192 994 1280 magis
1008 1192 1190 1279 irregularia
1203 1191 1322 1258 reddit:
1346 1192 1425 1256 inte·

146 1304 206 1366 rim
229 1315 333 1366 tamen
354 1300 459 1366 habiti
483 1299 596 1364 harum
619 1301 918 1368 circumstantiarum
943 1301 1158 1366 rationetaatia
1181 1300 1279 1386 prope
1303 1301 1426 1366 definiri

144 1423 255 1496 potest.
302 1411 395 1474 Circa
414 1422 557 1493 tempora
576 1409 718 1472 fluxuum
740 1421 854 1486 autem,
875 1411 984 1494 quiin
1004 1410 1169 1474 noviluniis
1191 1431 1228 1474 ac
1249 1409 1433 1494 pleniluniis:

142 1517 295 1592 incidunt,
310 1514 379 1578 haec
394 1514 461 1578 ecla
475 1515 625 1578 correctio
639 1537 694 1578 seu
708 1514 850 1578 reductio
863 1514 904 1582 ad
919 1516 1080 1582 transitum
1096 1516 1197 1580 Lunae
1210 1537 1267 1600 per
1281 1497 1424 1578 meridia-

142 1645 221 1686 num
242 1643 367 1685 omnem
388 1619 452 1686 ferd
470 1621 655 1687 anomaliam
670 1621 760 1698 tollit,
783 1644 932 1706 quorsum
947 1635 1065 1706 spectat
1077 1624 1187 1711 regula
1201 1648 1219 1688 a
1235 1623 1330 1688 caleb.
1347 1623 1423 1690 Cas-

142 1731 264 1794 sinain
288 1729 387 1793 Mem.
404 1735 499 1796 1710.
522 1727 643 1805 tradita,
667 1727 728 1813 quai
750 1751 809 1813 pro
823 1729 952 1796 totidem
966 1729 1062 1808 horis,
1085 1731 1197 1815 quibus
1218 1731 1423 1814 plenilunium

143 1859 199 1902 seu
213 1834 405 1898 novilunium
419 1832 468 1898 vel
484 1847 555 1904 aute
569 1833 730 1898 meridiem
745 1833 794 1898 vel
808 1847 880 1919 post
893 1835 1012 1913 incidit,
1026 1836 1156 1900 totiden
1170 1836 1245 1900 bina
1255 1837 1373 1903 minuta
1382 1837 1423 1900 ad

39 2031 43 2042 Β
144 1961 266 2032 tempus
281 1943 385 2010 fluxis
399 1943 538 2014 median
552 1944 602 2008 vel
615 1943 731 2008 addere
745 1944 794 2008 vel
809 1943 849 2008 ab
863 1965 902 2008 eo
916 1945 1098 2012 subtrahere
1108 1945 1208 2029 jubet,
1224 1946 1338 2031 quippe
1353 1967 1423 2030 quae

141 2077 183 2118 ex
199 2067 286 2118 mota
301 2053 402 2122 Luna
417 2064 464 2117 est
476 2053 585 2138 petita.
630 2052 760 2116 [nterim
769 2064 873 2116 tamen
887 2051 946 2118 hic
962 2054 1152 2118 correctione
1166 2052 1304 2118 adhibiti
1319 2054 1422 2138 aliqua

143 2162 296 2226 anomalia
317 2183 477 2248 superesse
498 2159 750 2245 deprehenditur,
774 2160 860 2246 cujus
884 2172 988 2226 autem
1011 2162 1090 2226 ratio
1114 2183 1155 2225 ex
1174 2159 1281 2224 nostri
1303 2160 1421 2226 theorici

141 2281 252 2352 sponte
273 2267 422 2354 sequitur.
467 2266 604 2342 Quando
626 2266 709 2330 enim
729 2250 855 2352 syzygia
874 2277 946 2330 ante
967 2265 1128 2332 meridiem
1148 2265 1331 2342 celebratur,
1354 2280 1420 2328 tum

140 2373 216 2436 dum
238 2371 331 2438 Luna
351 2393 408 2456 per
428 2369 635 2440 meridianum
657 2371 776 2447 transit,
801 2371 856 2436 Sol
873 2371 939 2456 jam
961 2383 1032 2435 ante
1046 2392 1118 2435 eum
1132 2383 1180 2440 est
1196 2383 1418 2456 transgressus,

139 2492 234 2566 atque
257 2478 329 2543 ideo
350 2479 416 2563 jam
440 2476 595 2541 horizonti
620 2477 857 2563 appropinquat,
884 2499 924 2540 ex
948 2499 1012 2562 quo
1037 2497 1162 2547 necesse
1187 2488 1292 2540 estut
1316 2475 1420 2538 fluxus

139 2587 230 2651 citiirs
254 2585 384 2664 eveniat,
410 2583 502 2672 qudm
525 2585 627 2670 prima
649 2583 758 2672 regula
780 2583 847 2648 sola
869 2583 1008 2648 adhibita
1031 2583 1156 2650 indicat.
1201 2582 1306 2667 Atque
1328 2580 1421 2644 etiam

139 2693 224 2758 idem
247 2695 279 2758 in
301 2693 413 2756 tabulis
435 2673 576 2756 fluxuum
598 2693 804 2779 Dunkerquae
826 2704 858 2756 et
879 2692 912 2755 in
928 2693 1026 2756 Portu
1042 2691 1161 2758 Gratiae
1175 2690 1419 2766 observatorum,
1487 2680 1489 2684 ’

139 2801 238 2890 Mem.
266 2808 358 2868 1710.
383 2799 515 2878 insertis,
542 2799 706 2863 manifesti)
731 2800 939 2883 conspicitur:
971 2799 1097 2885 quando
1120 2799 1204 2862 enim
1228 2797 1421 2866 novilunium

137 2909 382 2992 pleniluniumve
403 2907 545 2992 pluribus
567 2907 653 2972 horis
676 2919 748 2972 ante
773 2907 935 2972 meridiem
959 2906 1080 2984 accidit,
1107 2919 1173 2971 tum
1198 2906 1303 2978 fluxus
1329 2901 1420 2970 sititis

146 3010 308 3071 advenisse
330 3005 523 3079 observatur,
547 3007 638 3088 quim
662 3005 798 3067 calculus
815 3007 1015 3070 Cassinianue
1036 3007 1208 3078 indicabat3
1231 2999 1336 3066 cunuti
1350 2999 1424 3063 verb

146 3112 265 3178 tardiris
287 3112 311 3176 si
328 3108 461 3196 syzygiae
475 3107 600 3172 demum
614 3108 755 3193 pluribus
768 3108 855 3173 horis
870 3122 942 3196 post
955 3109 1115 3174 meridiem
1136 3106 1310 3184 inciderint,
1338 3107 1424 3191 cnjus

147 3221 273 3306 majoris
288 3213 503 3282 retardationis
519 3237 611 3278 carisa
633 3214 665 3277 in
690 3214 842 3284 Soletum
857 3215 959 3281 adhuc
973 3217 1013 3280 ab
1028 3213 1188 3279 horizonte
1202 3211 1364 3278 recedente
1378 3225 1425 3276 est

145 3327 341 3415 quaerenda

186 3443 210 3519 t.
229 3444 299 3500 106.
324 3433 497 3518 Septimum
518 3431 746 3518 plraenomenon
769 3429 946 3515 suppeditat
958 3427 1081 3492 diversa
1098 3421 1265 3490 retardatio
1278 3421 1423 3485 fluxuum
1481 3469 1483 3474 .

147 3540 178 3604 iu
201 3539 333 3626 syzygiis
355 3539 554 3604 luminarium
576 3550 607 3602 et
629 3535 824 3624 quadraturis
839 3547 980 3619 respectu
995 3531 1142 3618 appulsis
1162 3530 1263 3595 Lunae
1277 3527 1317 3591 ad
1331 3526 1424 3590 meri·

144 3651 290 3726 dianum3
313 3648 433 3712 tardiris
455 3648 572 3713 scilicet
592 3646 707 3732 ubique
729 3646 868 3709 locorum
888 3643 1002 3719 fluxus,
1025 3640 1078 3727 qui
1099 3639 1132 3702 in
1153 3636 1285 3724 syzygiis
1304 3633 1424 3698 contin-

146 3771 233 3844 gunt,
254 3759 460 3844 insequuntur
482 3754 732 3821 culminationem
755 3752 865 3830 Lunae,
889 3749 981 3838 quim
1002 3751 1034 3830 ii,
1057 3749 1110 3836 qui
1124 3748 1207 3811 circa
1221 3743 1423 3832 quadraturas

146 3864 283 3927 veniunt.
328 3863 436 3949 Hujus
458 3873 561 3926 autem
582 3859 779 3946 phaenomeni
801 3858 919 3943 duplex
934 3879 1027 3922 causa
1048 3867 1151 3940 potest
1164 3851 1323 3938 assignari,
1347 3870 1423 3933 qna·

143 3995 215 4036 rum
229 3971 330 4055 prima
343 3994 362 4035 a
376 3971 439 4036 soli
456 3971 626 4058 quantitate
640 3983 772 4034 aestuum
786 3967 912 4051 petitur,
936 3965 1008 4052 quia
1022 3964 1105 4044 euim
1119 3973 1213 4026 oestus
1228 3957 1423 4045 syzygiamm

143 4077 243 4143 multb
265 4091 337 4141 sunt
357 4081 486 4164 najorcs
508 4075 603 4164 quim
624 4089 718 4141 aestus
744 4075 1012 4162 quadraturamm,
1036 4081 1275 4134 consentaneum
1300 4064 1422 4128 videtur

143 4185 211 4248 illos
229 4180 347 4248 tarditis
362 4186 465 4253 venire
480 4180 574 4271 quim
594 4183 662 4248 hos.
708 4183 817 4247 Altera
831 4179 905 4246 verb
920 4201 1012 4242 cansa
1027 4199 1098 4264 qnae
1110 4179 1172 4240 hcc
1192 4175 1421 4260 phoenomenon

142 4293 242 4360 multi)
257 4289 432 4359 distinctitis
447 4293 591 4378 explicat,
612 4291 751 4378 nullique
766 4289 861 4354 dubio
875 4290 978 4354 locum
995 4285 1149 4372 relinquit,
1164 4293 1280 4346 nostrae
1293 4277 1422 4343 theorici

143 4405 271 4469 omnino
294 4417 341 4468 est
360 4381 496 4488 propria,
516 4403 675 4490 priorique
697 4399 857 4488 longeest
878 4395 1080 4482 praeferenda.
1126 4393 1284 4457 Ponamns
1305 4387 1387 4451 enim
1409 4399 1423 4451 t

142 4534 211 4575 esse
225 4522 356 4594 tempus,
380 4531 442 4596 qno
463 4507 496 4570 in
515 4509 678 4573 noviluniis
694 4528 730 4570 ac
744 4505 920 4590 pleniluniis
934 4503 1038 4566 fluxus
1052 4513 1124 4584 post
1139 4495 1303 4581 appulsum
1319 4494 1422 4558 Lunae

143 4620 182 4684 ad
207 4618 413 4683 meridianum
439 4617 544 4682 venire
569 4617 664 4691 soleta
698 4613 896 4700 sequentibus
921 4611 1015 4698 igitur
1039 4607 1149 4672 diebus
1175 4605 1237 4668 hoc
1262 4616 1384 4686 tempus
1409 4612 1423 4662 t

146 4727 293 4792 continuo
316 4729 516 4805 dininuctur,
538 4725 610 4811 quia
632 4737 698 4790 tum
725 4722 790 4798 Sol,
814 4721 890 4786 dum
912 4719 1003 4784 Luna
1025 4717 1056 4780 in
1078 4713 1251 4779 meridiano
1271 4719 1420 4782 versatur,

758 4830 778 4878 Z
791 4835 807 4876 4
