<?xml version="1.0" encoding="UTF-8"?>
<!DOCTYPE html PUBLIC "-//W3C//DTD XHTML 1.0 Transitional//EN"
    "http://www.w3.org/TR/xhtml1/DTD/xhtml1-transitional.dtd">
<html xmlns="http://www.w3.org/1999/xhtml" xml:lang="en" lang="en">
 <head>
  <title>
</title>
<meta http-equiv="Content-Type" content="text/html;charset=utf-8" />
  <meta name='ocr-system' content='tesseract 3.04.00' />
  <meta name='ocr-capabilities' content='ocr_page ocr_carea ocr_par ocr_line ocrx_word'/>
</head>
<body>
  <div class='ocr_page' id='page_1' title='image "./philosophinatur03wriggoog_0142.png"; bbox 0 0 3570 5876; ppageno 0'>
   <div class='ocr_carea' id='block_1_1' title="bbox 138 433 1423 528">
    <p class='ocr_par' dir='ltr' id='par_1_1' title="bbox 138 433 1423 528">
     <span class='ocr_line' id='line_1_1' title="bbox 138 433 1423 528; baseline 0.003 -18"><span class='ocrx_word' id='word_1_1' title='bbox 138 437 447 522; x_wconf 55' lang='lat' dir='ltr'><strong>luffrarrua]</strong></span> <span class='ocrx_word' id='word_1_2' title='bbox 493 441 734 528; x_wconf 80' lang='lat' dir='ltr'>PRINCIPIA</span> <span class='ocrx_word' id='word_1_3' title='bbox 756 433 1128 514; x_wconf 82' lang='lat' dir='ltr'><strong>MATHEMATIOA.</strong></span> <span class='ocrx_word' id='word_1_4' title='bbox 1382 456 1423 516; x_wconf 77' lang='lat'><strong>95</strong></span> 
     </span>
    </p>
   </div>
   <div class='ocr_carea' id='block_1_2' title="bbox 128 609 1426 2776">
    <p class='ocr_par' dir='ltr' id='par_1_2' title="bbox 128 609 1426 2776">
     <span class='ocr_line' id='line_1_2' title="bbox 139 609 1425 705; baseline 0.013 -33"><span class='ocrx_word' id='word_1_5' title='bbox 139 609 323 685; x_wconf 78' lang='lat' dir='ltr'><strong>anastin</strong></span> <span class='ocrx_word' id='word_1_6' title='bbox 331 611 362 676; x_wconf 90' lang='lat' dir='ltr'><strong>si</strong></span> <span class='ocrx_word' id='word_1_7' title='bbox 373 612 409 674; x_wconf 82' lang='lat' dir='ltr'><strong>in</strong></span> <span class='ocrx_word' id='word_1_8' title='bbox 417 611 546 696; x_wconf 67' lang='lat' dir='ltr'><strong>prefati</strong></span> <span class='ocrx_word' id='word_1_9' title='bbox 558 612 703 698; x_wconf 84' lang='lat' dir='ltr'><strong>ellipsece</strong></span> <span class='ocrx_word' id='word_1_10' title='bbox 713 614 906 680; x_wconf 80' lang='lat' dir='ltr'><strong>revolutione</strong></span> <span class='ocrx_word' id='word_1_11' title='bbox 920 630 1077 700; x_wconf 61' lang='lat' dir='ltr'><strong>mum.</strong></span> <span class='ocrx_word' id='word_1_12' title='bbox 1082 619 1213 705; x_wconf 87' lang='lat' dir='ltr'><strong>quodvis</strong></span> <span class='ocrx_word' id='word_1_13' title='bbox 1225 619 1258 686; x_wconf 90' lang='lat' dir='ltr'>N</span> <span class='ocrx_word' id='word_1_14' title='bbox 1268 620 1425 688; x_wconf 79' lang='lat' dir='ltr'><strong>describet</strong></span> 
     </span>
     <span class='ocr_line' id='line_1_3' title="bbox 137 718 1426 811; baseline 0.012 -30"><span class='ocrx_word' id='word_1_15' title='bbox 137 718 290 784; x_wconf 89' lang='lat' dir='ltr'><strong>circulum</strong></span> <span class='ocrx_word' id='word_1_16' title='bbox 305 721 338 784; x_wconf 93' lang='lat' dir='ltr'>N</span> <span class='ocrx_word' id='word_1_17' title='bbox 355 721 404 798; x_wconf 92' lang='lat' dir='ltr'><strong>M,</strong></span> <span class='ocrx_word' id='word_1_18' title='bbox 421 735 576 786; x_wconf 76' lang='lat' dir='ltr'><strong>secantem</strong></span> <span class='ocrx_word' id='word_1_19' title='bbox 590 723 754 806; x_wconf 84' lang='lat' dir='ltr'><strong>parallelos</strong></span> <span class='ocrx_word' id='word_1_20' title='bbox 777 725 803 788; x_wconf 85' lang='lat' dir='ltr'>F</span> <span class='ocrx_word' id='word_1_21' title='bbox 819 723 839 800; x_wconf 86' lang='lat' dir='ltr'><strong>f,</strong></span> <span class='ocrx_word' id='word_1_22' title='bbox 857 726 890 790; x_wconf 95' lang='lat' dir='ltr'>D</span> <span class='ocrx_word' id='word_1_23' title='bbox 906 725 928 788; x_wconf 96' lang='lat' dir='ltr'><strong>d</strong></span> <span class='ocrx_word' id='word_1_24' title='bbox 945 726 978 788; x_wconf 89' lang='lat' dir='ltr'><strong>in</strong></span> <span class='ocrx_word' id='word_1_25' title='bbox 993 727 1070 790; x_wconf 88' lang='lat' dir='ltr'><strong>locis</strong></span> <span class='ocrx_word' id='word_1_26' title='bbox 1084 727 1243 811; x_wconf 85' lang='lat' dir='ltr'>quibusvis</span> <span class='ocrx_word' id='word_1_27' title='bbox 1270 729 1310 805; x_wconf 80' lang='lat' dir='ltr'><strong>R,</strong></span> <span class='ocrx_word' id='word_1_28' title='bbox 1328 729 1368 805; x_wconf 87' lang='lat' dir='ltr'><strong>T,</strong></span> <span class='ocrx_word' id='word_1_29' title='bbox 1393 744 1426 798; x_wconf 87' lang='lat' dir='ltr'><strong>et</strong></span> 
     </span>
     <span class='ocr_line' id='line_1_4' title="bbox 139 833 1422 919; baseline 0.008 -25"><span class='ocrx_word' id='word_1_30' title='bbox 139 845 332 916; x_wconf 79' lang='lat' dir='ltr'><strong>equstorem</strong></span> <span class='ocrx_word' id='word_1_31' title='bbox 347 835 378 897; x_wconf 98' lang='lat' dir='ltr'>A</span> <span class='ocrx_word' id='word_1_32' title='bbox 396 833 425 896; x_wconf 89' lang='lat' dir='ltr'><strong>E</strong></span> <span class='ocrx_word' id='word_1_33' title='bbox 439 835 472 896; x_wconf 91' lang='lat' dir='ltr'><strong>in</strong></span> <span class='ocrx_word' id='word_1_34' title='bbox 489 835 529 910; x_wconf 70' lang='grc' dir='ltr'><strong>ὃς</strong></span> <span class='ocrx_word' id='word_1_35' title='bbox 552 835 612 898; x_wconf 90' lang='lat' dir='ltr'><strong>erit</strong></span> <span class='ocrx_word' id='word_1_36' title='bbox 628 835 655 900; x_wconf 90' lang='lat' dir='ltr'>C</span> <span class='ocrx_word' id='word_1_37' title='bbox 672 835 704 898; x_wconf 95' lang='lat' dir='ltr'>N</span> <span class='ocrx_word' id='word_1_38' title='bbox 719 835 852 900; x_wconf 78' lang='lat' dir='ltr'><strong>altitudo</strong></span> <span class='ocrx_word' id='word_1_39' title='bbox 865 837 958 900; x_wconf 82' lang='lat' dir='ltr'><strong>muris</strong></span> <span class='ocrx_word' id='word_1_40' title='bbox 974 837 1007 904; x_wconf 87' lang='lat' dir='ltr'><strong>in</strong></span> <span class='ocrx_word' id='word_1_41' title='bbox 1021 837 1097 906; x_wconf 86' lang='lat' dir='ltr'><strong>locis</strong></span> <span class='ocrx_word' id='word_1_42' title='bbox 1113 838 1257 902; x_wconf 89' lang='lat' dir='ltr'><strong>omnibus</strong></span> <span class='ocrx_word' id='word_1_43' title='bbox 1275 839 1315 914; x_wconf 88' lang='lat' dir='ltr'><strong>R,</strong></span> <span class='ocrx_word' id='word_1_44' title='bbox 1335 841 1367 914; x_wconf 91' lang='lat' dir='ltr'><strong>S,</strong></span> <span class='ocrx_word' id='word_1_45' title='bbox 1381 841 1422 919; x_wconf 91' lang='lat' dir='ltr'><strong>T,</strong></span> 
     </span>
     <span class='ocr_line' id='line_1_5' title="bbox 141 941 1424 1028; baseline 0.006 -22"><span class='ocrx_word' id='word_1_46' title='bbox 141 941 210 1006; x_wconf 83' lang='lat' dir='ltr'><strong>sitis</strong></span> <span class='ocrx_word' id='word_1_47' title='bbox 223 941 257 1004; x_wconf 90' lang='lat' dir='ltr'><strong>in</strong></span> <span class='ocrx_word' id='word_1_48' title='bbox 271 942 332 1006; x_wconf 90' lang='lat' dir='ltr'><strong>hoc</strong></span> <span class='ocrx_word' id='word_1_49' title='bbox 346 942 471 1008; x_wconf 90' lang='lat' dir='ltr'><strong>circulo.</strong></span> <span class='ocrx_word' id='word_1_50' title='bbox 518 943 607 1007; x_wconf 89' lang='lat' dir='ltr'><strong>Hinc</strong></span> <span class='ocrx_word' id='word_1_51' title='bbox 621 943 654 1006; x_wconf 89' lang='lat' dir='ltr'><strong>in</strong></span> <span class='ocrx_word' id='word_1_52' title='bbox 668 943 861 1008; x_wconf 82' lang='lat' dir='ltr'><strong>revolutione</strong></span> <span class='ocrx_word' id='word_1_53' title='bbox 876 943 987 1010; x_wconf 73' lang='lat' dir='ltr'><strong>diurne</strong></span> <span class='ocrx_word' id='word_1_54' title='bbox 1008 944 1069 1006; x_wconf 94' lang='lat' dir='ltr'><strong>loci</strong></span> <span class='ocrx_word' id='word_1_55' title='bbox 1084 946 1218 1028; x_wconf 88' lang='lat' dir='ltr'><strong>cujusvis</strong></span> <span class='ocrx_word' id='word_1_56' title='bbox 1237 945 1273 1022; x_wconf 89' lang='lat' dir='ltr'><strong>F,</strong></span> <span class='ocrx_word' id='word_1_57' title='bbox 1290 945 1424 1014; x_wconf 82' lang='lat' dir='ltr'><strong>affluxus</strong></span> 
     </span>
     <span class='ocr_line' id='line_1_6' title="bbox 135 1051 1423 1138; baseline 0.003 -22"><span class='ocrx_word' id='word_1_58' title='bbox 135 1053 362 1118; x_wconf 80' lang='lat' dir='ltr'><strong>eritmnximus</strong></span> <span class='ocrx_word' id='word_1_59' title='bbox 376 1053 410 1116; x_wconf 91' lang='lat' dir='ltr'><strong>in</strong></span> <span class='ocrx_word' id='word_1_60' title='bbox 426 1053 463 1129; x_wconf 89' lang='lat' dir='ltr'><strong>F,</strong></span> <span class='ocrx_word' id='word_1_61' title='bbox 478 1052 557 1116; x_wconf 75' lang='lat' dir='ltr'><strong>horit</strong></span> <span class='ocrx_word' id='word_1_62' title='bbox 571 1051 661 1118; x_wconf 78' lang='lat' dir='ltr'><strong>tertii</strong></span> <span class='ocrx_word' id='word_1_63' title='bbox 676 1065 749 1137; x_wconf 88' lang='lat' dir='ltr'><strong>post</strong></span> <span class='ocrx_word' id='word_1_64' title='bbox 758 1053 926 1138; x_wconf 76' lang='lat' dir='ltr'><strong>appulsum</strong></span> <span class='ocrx_word' id='word_1_65' title='bbox 938 1052 1039 1116; x_wconf 82' lang='lat' dir='ltr'><strong>Lunoe</strong></span> <span class='ocrx_word' id='word_1_66' title='bbox 1050 1051 1092 1116; x_wconf 83' lang='lat' dir='ltr'><strong>ed</strong></span> <span class='ocrx_word' id='word_1_67' title='bbox 1106 1053 1314 1122; x_wconf 75' lang='lat' dir='ltr'><strong>meridianum</strong></span> <span class='ocrx_word' id='word_1_68' title='bbox 1326 1076 1423 1138; x_wconf 79' lang='lat' dir='ltr'><strong>supro</strong></span> 
     </span>
     <span class='ocr_line' id='line_1_7' title="bbox 135 1158 1423 1245; baseline 0.005 -22"><span class='ocrx_word' id='word_1_69' title='bbox 135 1159 338 1238; x_wconf 81' lang='lat' dir='ltr'><strong>horizontem,</strong></span> <span class='ocrx_word' id='word_1_70' title='bbox 366 1172 476 1245; x_wconf 83' lang='lat' dir='ltr'><strong>postea</strong></span> <span class='ocrx_word' id='word_1_71' title='bbox 504 1161 649 1226; x_wconf 78' lang='lat' dir='ltr'><strong>defluxus</strong></span> <span class='ocrx_word' id='word_1_72' title='bbox 678 1162 833 1230; x_wconf 78' lang='lat' dir='ltr'><strong>maximus</strong></span> <span class='ocrx_word' id='word_1_73' title='bbox 862 1163 895 1224; x_wconf 91' lang='lat' dir='ltr'><strong>in</strong></span> <span class='ocrx_word' id='word_1_74' title='bbox 923 1161 956 1237; x_wconf 83' lang='lat' dir='ltr'>Q</span> <span class='ocrx_word' id='word_1_75' title='bbox 981 1158 1059 1224; x_wconf 78' lang='lat' dir='ltr'><strong>hori</strong></span> <span class='ocrx_word' id='word_1_76' title='bbox 1081 1160 1171 1224; x_wconf 74' lang='lat' dir='ltr'><strong>tertii</strong></span> <span class='ocrx_word' id='word_1_77' title='bbox 1188 1173 1261 1245; x_wconf 86' lang='lat' dir='ltr'><strong>post</strong></span> <span class='ocrx_word' id='word_1_78' title='bbox 1277 1183 1423 1230; x_wconf 78' lang='lat' dir='ltr'><strong>occasum</strong></span> 
     </span>
     <span class='ocr_line' id='line_1_8' title="bbox 137 1266 1422 1355; baseline 0.006 -23"><span class='ocrx_word' id='word_1_79' title='bbox 137 1266 247 1345; x_wconf 71' lang='lat' dir='ltr'><strong>Lunae,</strong></span> <span class='ocrx_word' id='word_1_80' title='bbox 271 1268 345 1332; x_wconf 92' lang='lat' dir='ltr'><strong>dein</strong></span> <span class='ocrx_word' id='word_1_81' title='bbox 365 1267 501 1336; x_wconf 82' lang='lat' dir='ltr'><strong>efflunus</strong></span> <span class='ocrx_word' id='word_1_82' title='bbox 522 1269 677 1336; x_wconf 85' lang='lat' dir='ltr'><strong>maximus</strong></span> <span class='ocrx_word' id='word_1_83' title='bbox 698 1269 731 1332; x_wconf 90' lang='lat' dir='ltr'><strong>in</strong></span> <span class='ocrx_word' id='word_1_84' title='bbox 752 1268 771 1331; x_wconf 82' lang='lat' dir='ltr'>f</span> <span class='ocrx_word' id='word_1_85' title='bbox 785 1268 864 1336; x_wconf 79' lang='lat' dir='ltr'><strong>hori</strong></span> <span class='ocrx_word' id='word_1_86' title='bbox 883 1267 973 1334; x_wconf 76' lang='lat' dir='ltr'><strong>tertii</strong></span> <span class='ocrx_word' id='word_1_87' title='bbox 991 1282 1064 1354; x_wconf 87' lang='lat' dir='ltr'><strong>post</strong></span> <span class='ocrx_word' id='word_1_88' title='bbox 1083 1271 1248 1355; x_wconf 81' lang='lat' dir='ltr'><strong>appulsum</strong></span> <span class='ocrx_word' id='word_1_89' title='bbox 1264 1271 1366 1336; x_wconf 82' lang='lat' dir='ltr'><strong>Lunoe</strong></span> <span class='ocrx_word' id='word_1_90' title='bbox 1381 1275 1422 1340; x_wconf 83' lang='lat' dir='ltr'><strong>ad</strong></span> 
     </span>
     <span class='ocr_line' id='line_1_9' title="bbox 135 1375 1421 1456; baseline 0.009 -18"><span class='ocrx_word' id='word_1_91' title='bbox 135 1375 341 1442; x_wconf 87' lang='lat' dir='ltr'><strong>meridianum</strong></span> <span class='ocrx_word' id='word_1_92' title='bbox 356 1375 663 1452; x_wconf 64' lang='lat' dir='ltr'><strong>brenemensem</strong></span> <span class='ocrx_word' id='word_1_93' title='bbox 685 1375 796 1440; x_wconf 89' lang='lat' dir='ltr'><strong>ultimo</strong></span> <span class='ocrx_word' id='word_1_94' title='bbox 811 1377 955 1448; x_wconf 82' lang='lat' dir='ltr'><strong>defluxus</strong></span> <span class='ocrx_word' id='word_1_95' title='bbox 968 1379 1124 1444; x_wconf 76' lang='lat' dir='ltr'><strong>maximus</strong></span> <span class='ocrx_word' id='word_1_96' title='bbox 1138 1380 1173 1442; x_wconf 88' lang='lat' dir='ltr'><strong>in</strong></span> <span class='ocrx_word' id='word_1_97' title='bbox 1190 1380 1223 1456; x_wconf 86' lang='lat' dir='ltr'>Q</span> <span class='ocrx_word' id='word_1_98' title='bbox 1236 1379 1315 1446; x_wconf 77' lang='lat' dir='ltr'><strong>hori</strong></span> <span class='ocrx_word' id='word_1_99' title='bbox 1329 1385 1421 1450; x_wconf 72' lang='lat' dir='ltr'><strong>teuit</strong></span> 
     </span>
     <span class='ocr_line' id='line_1_10' title="bbox 134 1487 1422 1576; baseline 0.005 -24"><span class='ocrx_word' id='word_1_100' title='bbox 134 1500 207 1572; x_wconf 89' lang='lat' dir='ltr'><strong>post</strong></span> <span class='ocrx_word' id='word_1_101' title='bbox 230 1501 335 1553; x_wconf 89' lang='lat' dir='ltr'><strong>ortum</strong></span> <span class='ocrx_word' id='word_1_102' title='bbox 353 1488 472 1563; x_wconf 75' lang='lat' dir='ltr'><strong>Luuter</strong></span> <span class='ocrx_word' id='word_1_103' title='bbox 495 1501 526 1552; x_wconf 91' lang='lat' dir='ltr'><strong>et</strong></span> <span class='ocrx_word' id='word_1_104' title='bbox 547 1487 681 1556; x_wconf 80' lang='lat' dir='ltr'><strong>affluxus</strong></span> <span class='ocrx_word' id='word_1_105' title='bbox 700 1488 858 1574; x_wconf 85' lang='lat' dir='ltr'><strong>posterior</strong></span> <span class='ocrx_word' id='word_1_106' title='bbox 879 1489 913 1554; x_wconf 90' lang='lat' dir='ltr'><strong>in</strong></span> <span class='ocrx_word' id='word_1_107' title='bbox 934 1488 952 1552; x_wconf 88' lang='lat' dir='ltr'><strong>f</strong></span> <span class='ocrx_word' id='word_1_108' title='bbox 968 1490 1026 1553; x_wconf 86' lang='lat' dir='ltr'><strong>erit</strong></span> <span class='ocrx_word' id='word_1_109' title='bbox 1047 1491 1150 1553; x_wconf 89' lang='lat' dir='ltr'><strong>minor</strong></span> <span class='ocrx_word' id='word_1_110' title='bbox 1173 1489 1266 1576; x_wconf 73' lang='lat' dir='ltr'><strong>quim</strong></span> <span class='ocrx_word' id='word_1_111' title='bbox 1286 1492 1422 1570; x_wconf 83' lang='lat' dir='ltr'><strong>affluxps</strong></span> 
     </span>
     <span class='ocr_line' id='line_1_11' title="bbox 136 1599 1422 1686; baseline 0.005 -23"><span class='ocrx_word' id='word_1_112' title='bbox 136 1601 224 1684; x_wconf 87' lang='lat' dir='ltr'><strong>prior</strong></span> <span class='ocrx_word' id='word_1_113' title='bbox 238 1600 271 1666; x_wconf 92' lang='lat' dir='ltr'><strong>in</strong></span> <span class='ocrx_word' id='word_1_114' title='bbox 287 1599 325 1665; x_wconf 87' lang='lat' dir='ltr'><strong>F.</strong></span> <span class='ocrx_word' id='word_1_115' title='bbox 369 1599 582 1686; x_wconf 80' lang='lat' dir='ltr'><strong>Distinguitur</strong></span> <span class='ocrx_word' id='word_1_116' title='bbox 596 1601 677 1666; x_wconf 91' lang='lat' dir='ltr'><strong>enim</strong></span> <span class='ocrx_word' id='word_1_117' title='bbox 694 1621 780 1664; x_wconf 88' lang='lat' dir='ltr'><strong>mare</strong></span> <span class='ocrx_word' id='word_1_118' title='bbox 795 1610 896 1666; x_wconf 87' lang='lat' dir='ltr'><strong>totum</strong></span> <span class='ocrx_word' id='word_1_119' title='bbox 911 1601 943 1662; x_wconf 90' lang='lat' dir='ltr'><strong>in</strong></span> <span class='ocrx_word' id='word_1_120' title='bbox 958 1601 1037 1664; x_wconf 92' lang='lat' dir='ltr'><strong>duos</strong></span> <span class='ocrx_word' id='word_1_121' title='bbox 1052 1600 1181 1664; x_wconf 87' lang='lat' dir='ltr'><strong>omnino</strong></span> <span class='ocrx_word' id='word_1_122' title='bbox 1195 1601 1308 1668; x_wconf 89' lang='lat' dir='ltr'><strong>iluctus</strong></span> <span class='ocrx_word' id='word_1_123' title='bbox 1322 1601 1422 1669; x_wconf 88' lang='lat' dir='ltr'><strong>hemi·</strong></span> 
     </span>
     <span class='ocr_line' id='line_1_12' title="bbox 137 1705 1421 1796; baseline 0.002 -22"><span class='ocrx_word' id='word_1_124' title='bbox 137 1708 316 1793; x_wconf 76' lang='lat' dir='ltr'><strong>sphaericos,</strong></span> <span class='ocrx_word' id='word_1_125' title='bbox 333 1729 431 1772; x_wconf 89' lang='lat' dir='ltr'><strong>unum</strong></span> <span class='ocrx_word' id='word_1_126' title='bbox 446 1707 667 1792; x_wconf 78' lang='lat' dir='ltr'><strong>hemisphaerio</strong></span> <span class='ocrx_word' id='word_1_127' title='bbox 691 1707 722 1772; x_wconf 88' lang='lat' dir='ltr'>K</span> <span class='ocrx_word' id='word_1_128' title='bbox 740 1705 776 1770; x_wconf 91' lang='lat' dir='ltr'><strong>H</strong></span> <span class='ocrx_word' id='word_1_129' title='bbox 791 1707 813 1770; x_wconf 85' lang='lat' dir='ltr'>k</span> <span class='ocrx_word' id='word_1_130' title='bbox 828 1707 868 1771; x_wconf 85' lang='lat' dir='ltr'><strong>ad</strong></span> <span class='ocrx_word' id='word_1_131' title='bbox 884 1709 1012 1772; x_wconf 80' lang='lat' dir='ltr'><strong>boreum</strong></span> <span class='ocrx_word' id='word_1_132' title='bbox 1026 1719 1216 1796; x_wconf 82' lang='lat' dir='ltr'><strong>vergentem,</strong></span> <span class='ocrx_word' id='word_1_133' title='bbox 1240 1709 1372 1778; x_wconf 80' lang='lat' dir='ltr'><strong>alterrnu</strong></span> <span class='ocrx_word' id='word_1_134' title='bbox 1388 1712 1421 1777; x_wconf 83' lang='lat' dir='ltr'><strong>in</strong></span> 
     </span>
     <span class='ocr_line' id='line_1_13' title="bbox 132 1815 1416 1902; baseline 0.004 -22"><span class='ocrx_word' id='word_1_135' title='bbox 132 1816 353 1901; x_wconf 79' lang='lat' dir='ltr'><strong>hemisphaerio</strong></span> <span class='ocrx_word' id='word_1_136' title='bbox 375 1817 520 1901; x_wconf 83' lang='lat' dir='ltr'><strong>opposito</strong></span> <span class='ocrx_word' id='word_1_137' title='bbox 544 1815 667 1890; x_wconf 82' lang='lat' dir='ltr'><strong>th3</strong></span> <span class='ocrx_word' id='word_1_138' title='bbox 691 1837 769 1901; x_wconf 87' lang='lat' dir='ltr'><strong>quos</strong></span> <span class='ocrx_word' id='word_1_139' title='bbox 791 1815 886 1902; x_wconf 81' lang='lat' dir='ltr'><strong>igitur</strong></span> <span class='ocrx_word' id='word_1_140' title='bbox 906 1817 1036 1880; x_wconf 87' lang='lat' dir='ltr'><strong>fluctum</strong></span> <span class='ocrx_word' id='word_1_141' title='bbox 1058 1816 1217 1880; x_wconf 72' lang='lat' dir='ltr'><strong>borealem</strong></span> <span class='ocrx_word' id='word_1_142' title='bbox 1237 1831 1268 1880; x_wconf 91' lang='lat' dir='ltr'><strong>et</strong></span> <span class='ocrx_word' id='word_1_143' title='bbox 1286 1818 1416 1886; x_wconf 86' lang='lat' dir='ltr'><strong>fluctum</strong></span> 
     </span>
     <span class='ocr_line' id='line_1_14' title="bbox 132 1926 1420 2013; baseline 0.004 -23"><span class='ocrx_word' id='word_1_144' title='bbox 132 1927 299 1994; x_wconf 67' lang='lat' dir='ltr'><strong>australem</strong></span> <span class='ocrx_word' id='word_1_145' title='bbox 314 1929 477 1992; x_wconf 81' lang='lat' dir='ltr'><strong>nominare</strong></span> <span class='ocrx_word' id='word_1_146' title='bbox 492 1927 573 1993; x_wconf 87' lang='lat' dir='ltr'><strong>licet.</strong></span> <span class='ocrx_word' id='word_1_147' title='bbox 619 1927 668 1992; x_wconf 94' lang='lat' dir='ltr'><strong>Hi</strong></span> <span class='ocrx_word' id='word_1_148' title='bbox 681 1927 796 1992; x_wconf 86' lang='lat' dir='ltr'><strong>fluctus</strong></span> <span class='ocrx_word' id='word_1_149' title='bbox 811 1949 936 2010; x_wconf 85' lang='lat' dir='ltr'><strong>semper</strong></span> <span class='ocrx_word' id='word_1_150' title='bbox 951 1928 1009 1991; x_wconf 89' lang='lat' dir='ltr'><strong>sibi</strong></span> <span class='ocrx_word' id='word_1_151' title='bbox 1025 1926 1134 1991; x_wconf 83' lang='lat' dir='ltr'><strong>mutub</strong></span> <span class='ocrx_word' id='word_1_152' title='bbox 1145 1929 1281 2013; x_wconf 91' lang='lat' dir='ltr'><strong>oppositi</strong></span> <span class='ocrx_word' id='word_1_153' title='bbox 1291 1931 1420 1996; x_wconf 83' lang='lat' dir='ltr'><strong>veniunt</strong></span> 
     </span>
     <span class='ocr_line' id='line_1_15' title="bbox 131 2034 1418 2121; baseline 0 -19"><span class='ocrx_word' id='word_1_154' title='bbox 131 2038 286 2121; x_wconf 78' lang='lat' dir='ltr'><strong>pervices</strong></span> <span class='ocrx_word' id='word_1_155' title='bbox 301 2037 342 2100; x_wconf 83' lang='lat' dir='ltr'><strong>ed</strong></span> <span class='ocrx_word' id='word_1_156' title='bbox 357 2035 544 2102; x_wconf 88' lang='lat' dir='ltr'><strong>meridianos</strong></span> <span class='ocrx_word' id='word_1_157' title='bbox 559 2034 701 2100; x_wconf 89' lang='lat' dir='ltr'><strong>locorum</strong></span> <span class='ocrx_word' id='word_1_158' title='bbox 724 2034 929 2121; x_wconf 79' lang='lat' dir='ltr'><strong>singulorum,</strong></span> <span class='ocrx_word' id='word_1_159' title='bbox 950 2035 1133 2119; x_wconf 89' lang='lat' dir='ltr'><strong>interposito</strong></span> <span class='ocrx_word' id='word_1_160' title='bbox 1147 2034 1311 2100; x_wconf 80' lang='lat' dir='ltr'><strong>intervallo</strong></span> <span class='ocrx_word' id='word_1_161' title='bbox 1324 2037 1418 2108; x_wconf 63' lang='lat' dir='ltr'><strong>horu</strong></span> 
     </span>
     <span class='ocr_line' id='line_1_16' title="bbox 131 2141 1420 2231; baseline 0.001 -23"><span class='ocrx_word' id='word_1_162' title='bbox 131 2165 202 2208; x_wconf 89' lang='lat' dir='ltr'><strong>rum</strong></span> <span class='ocrx_word' id='word_1_163' title='bbox 222 2143 380 2209; x_wconf 88' lang='lat' dir='ltr'><strong>lunarium</strong></span> <span class='ocrx_word' id='word_1_164' title='bbox 401 2142 577 2206; x_wconf 84' lang='lat' dir='ltr'><strong>duodecim.</strong></span> <span class='ocrx_word' id='word_1_165' title='bbox 623 2141 768 2228; x_wconf 84' lang='lat' dir='ltr'><strong>Crimque</strong></span> <span class='ocrx_word' id='word_1_166' title='bbox 789 2141 932 2229; x_wconf 77' lang='lat' dir='ltr'><strong>regiones</strong></span> <span class='ocrx_word' id='word_1_167' title='bbox 954 2143 1094 2207; x_wconf 80' lang='lat' dir='ltr'><strong>boreales</strong></span> <span class='ocrx_word' id='word_1_168' title='bbox 1115 2144 1214 2231; x_wconf 76' lang='lat' dir='ltr'><strong>magis</strong></span> <span class='ocrx_word' id='word_1_169' title='bbox 1233 2148 1420 2231; x_wconf 80' lang='lat' dir='ltr'><strong>participent</strong></span> 
     </span>
     <span class='ocr_line' id='line_1_17' title="bbox 129 2249 1420 2338; baseline 0.005 -20"><span class='ocrx_word' id='word_1_170' title='bbox 129 2251 262 2319; x_wconf 86' lang='lat' dir='ltr'><strong>fluctum</strong></span> <span class='ocrx_word' id='word_1_171' title='bbox 277 2249 445 2329; x_wconf 76' lang='lat' dir='ltr'><strong>borealem,</strong></span> <span class='ocrx_word' id='word_1_172' title='bbox 461 2263 493 2318; x_wconf 90' lang='lat' dir='ltr'><strong>et</strong></span> <span class='ocrx_word' id='word_1_173' title='bbox 507 2251 656 2318; x_wconf 82' lang='lat' dir='ltr'><strong>australes</strong></span> <span class='ocrx_word' id='word_1_174' title='bbox 670 2251 771 2338; x_wconf 80' lang='lat' dir='ltr'><strong>magis</strong></span> <span class='ocrx_word' id='word_1_175' title='bbox 785 2250 962 2328; x_wconf 72' lang='lat' dir='ltr'><strong>australem,</strong></span> <span class='ocrx_word' id='word_1_176' title='bbox 979 2252 1054 2315; x_wconf 91' lang='lat' dir='ltr'><strong>inde</strong></span> <span class='ocrx_word' id='word_1_177' title='bbox 1064 2254 1207 2318; x_wconf 87' lang='lat' dir='ltr'><strong>oriuntur</strong></span> <span class='ocrx_word' id='word_1_178' title='bbox 1222 2267 1316 2322; x_wconf 76' lang='lat' dir='ltr'><strong>estus</strong></span> <span class='ocrx_word' id='word_1_179' title='bbox 1328 2256 1420 2326; x_wconf 81' lang='lat' dir='ltr'><strong>atter-</strong></span> 
     </span>
     <span class='ocr_line' id='line_1_18' title="bbox 130 2360 1420 2451; baseline -0.008 -25"><span class='ocrx_word' id='word_1_180' title='bbox 130 2361 180 2426; x_wconf 90' lang='lat' dir='ltr'><strong>nis</strong></span> <span class='ocrx_word' id='word_1_181' title='bbox 195 2363 314 2426; x_wconf 83' lang='lat' dir='ltr'><strong>vicibus</strong></span> <span class='ocrx_word' id='word_1_182' title='bbox 329 2363 459 2446; x_wconf 89' lang='lat' dir='ltr'><strong>majores</strong></span> <span class='ocrx_word' id='word_1_183' title='bbox 475 2375 506 2424; x_wconf 92' lang='lat' dir='ltr'><strong>et</strong></span> <span class='ocrx_word' id='word_1_184' title='bbox 519 2362 666 2437; x_wconf 86' lang='lat' dir='ltr'><strong>minores,</strong></span> <span class='ocrx_word' id='word_1_185' title='bbox 690 2361 723 2426; x_wconf 89' lang='lat' dir='ltr'><strong>in</strong></span> <span class='ocrx_word' id='word_1_186' title='bbox 737 2360 814 2424; x_wconf 91' lang='lat' dir='ltr'><strong>locis</strong></span> <span class='ocrx_word' id='word_1_187' title='bbox 829 2361 960 2447; x_wconf 80' lang='lat' dir='ltr'><strong>singulis</strong></span> <span class='ocrx_word' id='word_1_188' title='bbox 974 2373 1065 2426; x_wconf 86' lang='lat' dir='ltr'><strong>extra</strong></span> <span class='ocrx_word' id='word_1_189' title='bbox 1080 2375 1279 2449; x_wconf 72' lang='lat' dir='ltr'><strong>aequatprem,</strong></span> <span class='ocrx_word' id='word_1_190' title='bbox 1303 2366 1337 2428; x_wconf 76' lang='lat' dir='ltr'><strong>in</strong></span> <span class='ocrx_word' id='word_1_191' title='bbox 1351 2367 1420 2451; x_wconf 76' lang='lat' dir='ltr'><strong>qui.</strong></span> 
     </span>
     <span class='ocr_line' id='line_1_19' title="bbox 128 2469 1420 2557; baseline -0.002 -17"><span class='ocrx_word' id='word_1_192' title='bbox 128 2476 188 2540; x_wconf 84' lang='lat' dir='ltr'><strong>bus</strong></span> <span class='ocrx_word' id='word_1_193' title='bbox 209 2473 375 2538; x_wconf 79' lang='lat' dir='ltr'><strong>luminaria</strong></span> <span class='ocrx_word' id='word_1_194' title='bbox 389 2472 533 2537; x_wconf 86' lang='lat' dir='ltr'><strong>oriuntur</strong></span> <span class='ocrx_word' id='word_1_195' title='bbox 547 2485 578 2536; x_wconf 90' lang='lat' dir='ltr'><strong>et</strong></span> <span class='ocrx_word' id='word_1_196' title='bbox 593 2471 750 2535; x_wconf 89' lang='lat' dir='ltr'><strong>occidunt.</strong></span> <span class='ocrx_word' id='word_1_197' title='bbox 796 2469 910 2534; x_wconf 83' lang='lat' dir='ltr'><strong>AEstus</strong></span> <span class='ocrx_word' id='word_1_198' title='bbox 926 2484 1030 2535; x_wconf 90' lang='lat' dir='ltr'><strong>autem</strong></span> <span class='ocrx_word' id='word_1_199' title='bbox 1046 2474 1154 2557; x_wconf 89' lang='lat' dir='ltr'><strong>major,</strong></span> <span class='ocrx_word' id='word_1_200' title='bbox 1171 2473 1263 2537; x_wconf 75' lang='lat' dir='ltr'><strong>Luni</strong></span> <span class='ocrx_word' id='word_1_201' title='bbox 1279 2475 1312 2536; x_wconf 91' lang='lat' dir='ltr'><strong>in</strong></span> <span class='ocrx_word' id='word_1_202' title='bbox 1326 2475 1420 2538; x_wconf 88' lang='lat' dir='ltr'><strong>verti·</strong></span> 
     </span>
     <span class='ocr_line' id='line_1_20' title="bbox 130 2578 1419 2672; baseline -0.004 -22"><span class='ocrx_word' id='word_1_203' title='bbox 130 2605 198 2650; x_wconf 87' lang='lat' dir='ltr'><strong>cem</strong></span> <span class='ocrx_word' id='word_1_204' title='bbox 213 2583 273 2647; x_wconf 90' lang='lat' dir='ltr'><strong>loci</strong></span> <span class='ocrx_word' id='word_1_205' title='bbox 289 2580 474 2657; x_wconf 77' lang='lat' dir='ltr'><strong>declinante,</strong></span> <span class='ocrx_word' id='word_1_206' title='bbox 490 2580 607 2644; x_wconf 84' lang='lat' dir='ltr'><strong>incidet</strong></span> <span class='ocrx_word' id='word_1_207' title='bbox 621 2581 655 2642; x_wconf 88' lang='lat' dir='ltr'><strong>in</strong></span> <span class='ocrx_word' id='word_1_208' title='bbox 669 2578 780 2642; x_wconf 83' lang='lat' dir='ltr'><strong>horem</strong></span> <span class='ocrx_word' id='word_1_209' title='bbox 791 2578 913 2642; x_wconf 88' lang='lat' dir='ltr'><strong>circiter</strong></span> <span class='ocrx_word' id='word_1_210' title='bbox 925 2579 1047 2642; x_wconf 81' lang='lat' dir='ltr'><strong>tertium</strong></span> <span class='ocrx_word' id='word_1_211' title='bbox 1057 2594 1129 2672; x_wconf 89' lang='lat' dir='ltr'><strong>post</strong></span> <span class='ocrx_word' id='word_1_212' title='bbox 1137 2580 1303 2672; x_wconf 79' lang='lat' dir='ltr'><strong>appulsum</strong></span> <span class='ocrx_word' id='word_1_213' title='bbox 1316 2582 1419 2650; x_wconf 82' lang='lat' dir='ltr'><strong>Lut&#39;tae</strong></span> 
     </span>
     <span class='ocr_line' id='line_1_21' title="bbox 130 2688 1420 2776; baseline 0 -18"><span class='ocrx_word' id='word_1_214' title='bbox 130 2695 171 2759; x_wconf 88' lang='lat' dir='ltr'><strong>sd</strong></span> <span class='ocrx_word' id='word_1_215' title='bbox 186 2693 392 2758; x_wconf 86' lang='lat' dir='ltr'><strong>meridianum</strong></span> <span class='ocrx_word' id='word_1_216' title='bbox 407 2715 502 2776; x_wconf 86' lang='lat' dir='ltr'><strong>supre</strong></span> <span class='ocrx_word' id='word_1_217' title='bbox 516 2691 720 2767; x_wconf 84' lang='lat' dir='ltr'><strong>horizontem,</strong></span> <span class='ocrx_word' id='word_1_218' title='bbox 734 2703 765 2754; x_wconf 89' lang='lat' dir='ltr'><strong>et</strong></span> <span class='ocrx_word' id='word_1_219' title='bbox 777 2688 868 2756; x_wconf 78' lang='lat' dir='ltr'><strong>Luni</strong></span> <span class='ocrx_word' id='word_1_220' title='bbox 881 2689 1119 2756; x_wconf 80' lang='lat' dir='ltr'><strong>declinationem</strong></span> <span class='ocrx_word' id='word_1_221' title='bbox 1131 2705 1270 2758; x_wconf 86' lang='lat' dir='ltr'><strong>mutante</strong></span> <span class='ocrx_word' id='word_1_222' title='bbox 1282 2707 1420 2762; x_wconf 84' lang='lat' dir='ltr'><strong>vertetur</strong></span> 
     </span>
    </p>
   </div>
   <div class='ocr_carea' id='block_1_3' title="bbox 129 2873 1424 4787">
    <p class='ocr_par' dir='ltr' id='par_1_3' title="bbox 129 2873 1420 3179">
     <span class='ocr_line' id='line_1_22' title="bbox 132 2873 1420 2940; baseline -0.001 -14"><span class='ocrx_word' id='word_1_223' title='bbox 132 2877 162 2934; x_wconf 82' lang='lat' dir='ltr'><strong>A.</strong></span> <span class='ocrx_word' id='word_1_224' title='bbox 175 2876 212 2925; x_wconf 83' lang='lat' dir='ltr'><strong>rel</strong></span> <span class='ocrx_word' id='word_1_225' title='bbox 224 2877 253 2936; x_wconf 87' lang='lat' dir='ltr'><strong>C,</strong></span> <span class='ocrx_word' id='word_1_226' title='bbox 265 2887 289 2928; x_wconf 77' lang='lat' dir='ltr'><strong>st</strong></span> <span class='ocrx_word' id='word_1_227' title='bbox 301 2877 369 2930; x_wconf 84' lang='lat' dir='ltr'><strong>Bvel</strong></span> <span class='ocrx_word' id='word_1_228' title='bbox 381 2879 414 2936; x_wconf 91' lang='lat' dir='ltr'><strong>D,</strong></span> <span class='ocrx_word' id='word_1_229' title='bbox 426 2875 569 2928; x_wconf 76' lang='lat' dir='ltr'><strong>intemediis</strong></span> <span class='ocrx_word' id='word_1_230' title='bbox 579 2873 646 2924; x_wconf 81' lang='lat' dir='ltr'><strong>fluidi</strong></span> <span class='ocrx_word' id='word_1_231' title='bbox 656 2875 756 2938; x_wconf 79' lang='lat' dir='ltr'><strong>perticu-</strong></span> <span class='ocrx_word' id='word_1_232' title='bbox 789 2873 820 2922; x_wconf 80' lang='lat' dir='ltr'><strong>ris</strong></span> <span class='ocrx_word' id='word_1_233' title='bbox 835 2890 884 2928; x_wconf 81' lang='lat' dir='ltr'><strong>sese</strong></span> <span class='ocrx_word' id='word_1_234' title='bbox 900 2884 1024 2936; x_wconf 81' lang='lat' dir='ltr'><strong>componet</strong></span> <span class='ocrx_word' id='word_1_235' title='bbox 1040 2873 1064 2922; x_wconf 87' lang='lat' dir='ltr'><strong>in</strong></span> <span class='ocrx_word' id='word_1_236' title='bbox 1077 2873 1176 2938; x_wconf 77' lang='lat' dir='ltr'><strong>liguram</strong></span> <span class='ocrx_word' id='word_1_237' title='bbox 1186 2875 1339 2938; x_wconf 80' lang='lat' dir='ltr'><strong>spboeroidem</strong></span> <span class='ocrx_word' id='word_1_238' title='bbox 1351 2877 1420 2940; x_wconf 81' lang='lat' dir='ltr'><strong>cujus</strong></span> 
     </span>
     <span class='ocr_line' id='line_1_23' title="bbox 129 2937 1418 3004; baseline -0.003 -14"><span class='ocrx_word' id='word_1_239' title='bbox 129 2941 159 2990; x_wconf 78' lang='lat' dir='ltr'><strong>ln</strong></span> <span class='ocrx_word' id='word_1_240' title='bbox 170 2950 292 3004; x_wconf 76' lang='lat' dir='ltr'><strong>utumque</strong></span> <span class='ocrx_word' id='word_1_241' title='bbox 303 2941 459 2991; x_wconf 85' lang='lat' dir='ltr'><strong>conditionem</strong></span> <span class='ocrx_word' id='word_1_242' title='bbox 469 2940 621 3002; x_wconf 77' lang='lat' dir='ltr'><strong>perticipant3</strong></span> <span class='ocrx_word' id='word_1_243' title='bbox 639 2954 686 3002; x_wconf 88' lang='lat' dir='ltr'><strong>quo</strong></span> <span class='ocrx_word' id='word_1_244' title='bbox 702 2939 758 2986; x_wconf 77' lang='lat' dir='ltr'><strong>vici·</strong></span> <span class='ocrx_word' id='word_1_245' title='bbox 791 2937 841 2992; x_wconf 77' lang='lat' dir='ltr'><strong>axis</strong></span> <span class='ocrx_word' id='word_1_246' title='bbox 858 2949 893 2986; x_wconf 85' lang='lat' dir='ltr'><strong>est</strong></span> <span class='ocrx_word' id='word_1_247' title='bbox 909 2949 971 2986; x_wconf 73' lang='lat' dir='ltr'><strong>recta</strong></span> <span class='ocrx_word' id='word_1_248' title='bbox 989 2939 1012 2986; x_wconf 87' lang='lat' dir='ltr'>A</span> <span class='ocrx_word' id='word_1_249' title='bbox 1026 2939 1054 2995; x_wconf 89' lang='lat' dir='ltr'><strong>C,</strong></span> <span class='ocrx_word' id='word_1_250' title='bbox 1071 2953 1124 3000; x_wconf 83' lang='lat' dir='ltr'><strong>quse</strong></span> <span class='ocrx_word' id='word_1_251' title='bbox 1140 2939 1252 3001; x_wconf 80' lang='lat' dir='ltr'><strong>products</strong></span> <span class='ocrx_word' id='word_1_252' title='bbox 1267 2953 1309 3002; x_wconf 85' lang='lat' dir='ltr'><strong>per</strong></span> <span class='ocrx_word' id='word_1_253' title='bbox 1324 2941 1418 2996; x_wconf 79' lang='lat' dir='ltr'><strong>Lunum</strong></span> 
     </span>
     <span class='ocr_line' id='line_1_24' title="bbox 130 3001 1419 3066; baseline -0.002 -14"><span class='ocrx_word' id='word_1_254' title='bbox 130 3006 207 3052; x_wconf 78' lang='lat' dir='ltr'><strong>nicres</strong></span> <span class='ocrx_word' id='word_1_255' title='bbox 215 3004 341 3053; x_wconf 83' lang='lat' dir='ltr'><strong>suntiluidi</strong></span> <span class='ocrx_word' id='word_1_256' title='bbox 352 3007 464 3054; x_wconf 64' lang='lat' dir='ltr'><strong>unaue</strong></span> <span class='ocrx_word' id='word_1_257' title='bbox 474 3015 552 3066; x_wconf 76' lang='lat' dir='ltr'><strong>perses</strong></span> <span class='ocrx_word' id='word_1_258' title='bbox 561 3001 654 3064; x_wconf 65' lang='lat' dir='ltr'><strong>pinctis</strong></span> <span class='ocrx_word' id='word_1_259' title='bbox 663 3003 717 3051; x_wconf 84' lang='lat' dir='ltr'><strong>Cet</strong></span> <span class='ocrx_word' id='word_1_260' title='bbox 726 3003 759 3060; x_wconf 84' lang='lat' dir='ltr'><strong>A,</strong></span> <span class='ocrx_word' id='word_1_261' title='bbox 790 3002 902 3052; x_wconf 76' lang='lat' dir='ltr'><strong>trmsibit.</strong></span> <span class='ocrx_word' id='word_1_262' title='bbox 933 3002 999 3048; x_wconf 79' lang='lat' dir='ltr'><strong>illue</strong></span> <span class='ocrx_word' id='word_1_263' title='bbox 1009 3011 1073 3063; x_wconf 77' lang='lat' dir='ltr'><strong>paret</strong></span> <span class='ocrx_word' id='word_1_264' title='bbox 1083 3002 1183 3066; x_wconf 75' lang='lat' dir='ltr'><strong>figuram</strong></span> <span class='ocrx_word' id='word_1_265' title='bbox 1194 3003 1264 3053; x_wconf 79' lang='lat' dir='ltr'><strong>maris</strong></span> <span class='ocrx_word' id='word_1_266' title='bbox 1274 3003 1299 3052; x_wconf 89' lang='lat' dir='ltr'><strong>in</strong></span> <span class='ocrx_word' id='word_1_267' title='bbox 1309 3005 1419 3066; x_wconf 76' lang='lat' dir='ltr'><strong>spherul-</strong></span> 
     </span>
     <span class='ocr_line' id='line_1_25' title="bbox 129 3065 1186 3179; baseline 0 -65"><span class='ocrx_word' id='word_1_268' title='bbox 129 3065 159 3118; x_wconf 76' lang='lat' dir='ltr'><strong>ed</strong></span> <span class='ocrx_word' id='word_1_269' title='bbox 183 3067 263 3177; x_wconf 51' lang='lat' dir='ltr'><strong>miili„</strong></span> <span class='ocrx_word' id='word_1_270' title='bbox 271 3083 376 3178; x_wconf 46' lang='lat' dir='ltr'><strong>Lgrsres·</strong></span> <span class='ocrx_word' id='word_1_271' title='bbox 387 3078 452 3179; x_wconf 51' lang='lat' dir='ltr'><strong>{ung</strong></span> <span class='ocrx_word' id='word_1_272' title='bbox 790 3065 844 3114; x_wconf 86' lang='lat' dir='ltr'><strong>deur</strong></span> <span class='ocrx_word' id='word_1_273' title='bbox 855 3065 980 3128; x_wconf 75' lang='lat' dir='ltr'><strong>oblongum</strong></span> <span class='ocrx_word' id='word_1_274' title='bbox 991 3065 1085 3118; x_wconf 79' lang='lat' dir='ltr'><strong>formeri</strong></span> <span class='ocrx_word' id='word_1_275' title='bbox 1096 3067 1186 3122; x_wconf 84' lang='lat' dir='ltr'><strong>debere,</strong></span> 
     </span>
    </p>

    <p class='ocr_par' dir='ltr' id='par_1_4' title="bbox 130 3146 430 3179">
     <span class='ocr_line' id='line_1_26' title="bbox 130 3146 430 3179; baseline -0.003 0"><span class='ocrx_word' id='word_1_276' title='bbox 130 3147 212 3179; x_wconf 77' lang='lat' dir='ltr'><strong>neme</strong></span> <span class='ocrx_word' id='word_1_277' title='bbox 236 3146 259 3176; x_wconf 82' lang='lat' dir='ltr'><strong>ro</strong></span> <span class='ocrx_word' id='word_1_278' title='bbox 295 3147 348 3178; x_wconf 78' lang='lat' dir='ltr'><strong>uase</strong></span> <span class='ocrx_word' id='word_1_279' title='bbox 359 3147 391 3178; x_wconf 81' lang='lat' dir='ltr'><strong>ur</strong></span> <span class='ocrx_word' id='word_1_280' title='bbox 417 3149 430 3178; x_wconf 85' lang='lat' dir='ltr'><strong>u</strong></span> 
     </span>
    </p>

    <p class='ocr_par' dir='ltr' id='par_1_5' title="bbox 130 3189 1424 4787">
     <span class='ocr_line' id='line_1_27' title="bbox 130 3189 1420 3256; baseline -0.002 -14"><span class='ocrx_word' id='word_1_281' title='bbox 130 3205 159 3242; x_wconf 88' lang='lat' dir='ltr'><strong>ut</strong></span> <span class='ocrx_word' id='word_1_282' title='bbox 183 3195 206 3244; x_wconf 90' lang='lat' dir='ltr'>G</span> <span class='ocrx_word' id='word_1_283' title='bbox 230 3195 260 3251; x_wconf 89' lang='lat' dir='ltr'><strong>T,</strong></span> <span class='ocrx_word' id='word_1_284' title='bbox 284 3195 331 3242; x_wconf 85' lang='lat' dir='ltr'><strong>vim</strong></span> <span class='ocrx_word' id='word_1_285' title='bbox 354 3196 451 3256; x_wconf 75' lang='lat' dir='ltr'><strong>proprie</strong></span> <span class='ocrx_word' id='word_1_286' title='bbox 826 3194 878 3240; x_wconf 83' lang='lat'>107.</span> <span class='ocrx_word' id='word_1_287' title='bbox 896 3189 970 3240; x_wconf 82' lang='lat' dir='ltr'><strong>Simili</strong></span> <span class='ocrx_word' id='word_1_288' title='bbox 982 3201 1120 3254; x_wconf 71' lang='lat' dir='ltr'><strong>argumento</strong></span> <span class='ocrx_word' id='word_1_289' title='bbox 1131 3201 1192 3254; x_wconf 82' lang='lat' dir='ltr'><strong>petet</strong></span> <span class='ocrx_word' id='word_1_290' title='bbox 1203 3191 1347 3244; x_wconf 74' lang='lat' dir='ltr'><strong>considerati</strong></span> <span class='ocrx_word' id='word_1_291' title='bbox 1359 3194 1420 3240; x_wconf 84' lang='lat' dir='ltr'><strong>Solis</strong></span> 
     </span>
     <span class='ocr_line' id='line_1_28' title="bbox 131 3253 1419 3321; baseline 0 -18"><span class='ocrx_word' id='word_1_292' title='bbox 131 3258 250 3321; x_wconf 63' lang='lat' dir='ltr'><strong>gravitatis</strong></span> <span class='ocrx_word' id='word_1_293' title='bbox 268 3274 347 3305; x_wconf 83' lang='lat' dir='ltr'><strong>versus</strong></span> <span class='ocrx_word' id='word_1_294' title='bbox 367 3259 390 3306; x_wconf 89' lang='grc' dir='ltr'><strong>Τ</strong></span> <span class='ocrx_word' id='word_1_295' title='bbox 406 3257 451 3306; x_wconf 86' lang='lat' dir='ltr'><strong>mi·</strong></span> <span class='ocrx_word' id='word_1_296' title='bbox 485 3297 489 3306; x_wconf 91' lang='grc'><em>,</em></span> <span class='ocrx_word' id='word_1_297' title='bbox 791 3255 882 3308; x_wconf 74' lang='lat' dir='ltr'><strong>ectiorm</strong></span> <span class='ocrx_word' id='word_1_298' title='bbox 893 3253 992 3306; x_wconf 83' lang='lat' dir='ltr'><strong>liuidum</strong></span> <span class='ocrx_word' id='word_1_299' title='bbox 1001 3265 1105 3306; x_wconf 83' lang='lat' dir='ltr'><strong>terrestre</strong></span> <span class='ocrx_word' id='word_1_300' title='bbox 1114 3255 1222 3316; x_wconf 82' lang='lat' dir='ltr'><strong>componi</strong></span> <span class='ocrx_word' id='word_1_301' title='bbox 1233 3255 1258 3301; x_wconf 89' lang='lat' dir='ltr'><strong>in</strong></span> <span class='ocrx_word' id='word_1_302' title='bbox 1267 3255 1419 3316; x_wconf 77' lang='lat' dir='ltr'><strong>spboemidem</strong></span> 
     </span>
     <span class='ocr_line' id='line_1_29' title="bbox 132 3318 1419 3396; baseline -0.002 -27"><span class='ocrx_word' id='word_1_303' title='bbox 132 3323 190 3376; x_wconf 84' lang='lat' dir='ltr'><strong>nuit,</strong></span> <span class='ocrx_word' id='word_1_304' title='bbox 215 3331 239 3369; x_wconf 91' lang='lat' dir='ltr'><strong>et</strong></span> <span class='ocrx_word' id='word_1_305' title='bbox 261 3337 308 3396; x_wconf 70' lang='lat' dir='ltr'><strong>quo</strong></span> <span class='ocrx_word' id='word_1_306' title='bbox 335 3324 452 3382; x_wconf 87' lang='lat' dir='ltr'><strong>propiores</strong></span> <span class='ocrx_word' id='word_1_307' title='bbox 791 3318 917 3380; x_wconf 66' lang='lat' dir='ltr'><strong>mlonprm</strong></span> <span class='ocrx_word' id='word_1_308' title='bbox 933 3319 1001 3384; x_wconf 84' lang='lat' dir='ltr'><strong>cujus</strong></span> <span class='ocrx_word' id='word_1_309' title='bbox 1011 3318 1061 3363; x_wconf 80' lang='lat' dir='ltr'><strong>sris</strong></span> <span class='ocrx_word' id='word_1_310' title='bbox 1072 3318 1197 3377; x_wconf 82' lang='lat' dir='ltr'><strong>productus</strong></span> <span class='ocrx_word' id='word_1_311' title='bbox 1212 3333 1252 3378; x_wconf 83' lang='lat' dir='ltr'><strong>per</strong></span> <span class='ocrx_word' id='word_1_312' title='bbox 1267 3318 1345 3366; x_wconf 84' lang='lat' dir='ltr'><strong>Solem</strong></span> <span class='ocrx_word' id='word_1_313' title='bbox 1356 3328 1419 3366; x_wconf 78' lang='lat' dir='ltr'><strong>tren-</strong></span> 
     </span>
     <span class='ocr_line' id='line_1_30' title="bbox 131 3379 1419 3444; baseline 0 -14"><span class='ocrx_word' id='word_1_314' title='bbox 131 3396 185 3432; x_wconf 86' lang='lat' dir='ltr'><strong>sunt</strong></span> <span class='ocrx_word' id='word_1_315' title='bbox 196 3395 289 3444; x_wconf 74' lang='lat' dir='ltr'><strong>punctis</strong></span> <span class='ocrx_word' id='word_1_316' title='bbox 306 3385 362 3433; x_wconf 78' lang='lat' dir='ltr'><strong>Bet</strong></span> <span class='ocrx_word' id='word_1_317' title='bbox 374 3385 407 3443; x_wconf 87' lang='lat' dir='ltr'><strong>D,</strong></span> <span class='ocrx_word' id='word_1_318' title='bbox 423 3383 453 3433; x_wconf 72' lang='lat' dir='ltr'><strong>eb</strong></span> <span class='ocrx_word' id='word_1_319' title='bbox 791 3380 828 3432; x_wconf 76' lang='lat' dir='ltr'><strong>sit.</strong></span> <span class='ocrx_word' id='word_1_320' title='bbox 865 3381 891 3427; x_wconf 84' lang='lat' dir='ltr'><strong>Si</strong></span> <span class='ocrx_word' id='word_1_321' title='bbox 907 3379 969 3428; x_wconf 84' lang='lat' dir='ltr'><strong>enim</strong></span> <span class='ocrx_word' id='word_1_322' title='bbox 999 3380 1023 3426; x_wconf 90' lang='lat' dir='ltr'><strong>in</strong></span> <span class='ocrx_word' id='word_1_323' title='bbox 1039 3380 1079 3442; x_wconf 76' lang='lat' dir='ltr'><strong>eg.</strong></span> <span class='ocrx_word' id='word_1_324' title='bbox 1093 3379 1205 3442; x_wconf 75' lang='lat' dir='ltr'><strong>preced.)</strong></span> <span class='ocrx_word' id='word_1_325' title='bbox 1225 3380 1310 3444; x_wconf 84' lang='lat' dir='ltr'><strong>globus</strong></span> <span class='ocrx_word' id='word_1_326' title='bbox 1329 3382 1351 3430; x_wconf 89' lang='lat' dir='ltr'>L</span> <span class='ocrx_word' id='word_1_327' title='bbox 1370 3397 1419 3438; x_wconf 84' lang='lat' dir='ltr'><strong>uon</strong></span> 
     </span>
     <span class='ocr_line' id='line_1_31' title="bbox 130 3443 1420 3513; baseline 0 -19"><span class='ocrx_word' id='word_1_328' title='bbox 130 3449 246 3513; x_wconf 74' lang='lat' dir='ltr'><strong>graviores</strong></span> <span class='ocrx_word' id='word_1_329' title='bbox 274 3449 342 3502; x_wconf 85' lang='lat' dir='ltr'><strong>liunt,</strong></span> <span class='ocrx_word' id='word_1_330' title='bbox 370 3448 452 3498; x_wconf 80' lang='lat' dir='ltr'><strong>erdem</strong></span> <span class='ocrx_word' id='word_1_331' title='bbox 794 3445 890 3497; x_wconf 79' lang='lat' dir='ltr'><strong>Lunam</strong></span> <span class='ocrx_word' id='word_1_332' title='bbox 902 3443 942 3490; x_wconf 80' lang='lat' dir='ltr'><strong>aed</strong></span> <span class='ocrx_word' id='word_1_333' title='bbox 955 3443 987 3491; x_wconf 81' lang='lat' dir='ltr'><strong>So</strong></span> <span class='ocrx_word' id='word_1_334' title='bbox 996 3457 1034 3490; x_wconf 85' lang='lat' dir='ltr'><strong>em</strong></span> <span class='ocrx_word' id='word_1_335' title='bbox 1044 3443 1156 3505; x_wconf 75' lang='lat' dir='ltr'><strong>designet,</strong></span> <span class='ocrx_word' id='word_1_336' title='bbox 1168 3453 1251 3492; x_wconf 74' lang='lat' dir='ltr'><strong>metm</strong></span> <span class='ocrx_word' id='word_1_337' title='bbox 1261 3461 1286 3498; x_wconf 78' lang='lat' dir='ltr'><strong>se</strong></span> <span class='ocrx_word' id='word_1_338' title='bbox 1296 3447 1382 3494; x_wconf 77' lang='lat' dir='ltr'><strong>hebent</strong></span> <span class='ocrx_word' id='word_1_339' title='bbox 1392 3457 1420 3494; x_wconf 89' lang='lat' dir='ltr'><strong>ut</strong></span> 
     </span>
     <span class='ocr_line' id='line_1_32' title="bbox 132 3505 1418 3570; baseline -0.002 -10"><span class='ocrx_word' id='word_1_340' title='bbox 132 3515 193 3560; x_wconf 87' lang='lat' dir='ltr'><strong>enim</strong></span> <span class='ocrx_word' id='word_1_341' title='bbox 214 3512 276 3560; x_wconf 83' lang='lat' dir='ltr'><strong>actio</strong></span> <span class='ocrx_word' id='word_1_342' title='bbox 296 3513 384 3560; x_wconf 75' lang='lat' dir='ltr'><strong>lunaris</strong></span> <span class='ocrx_word' id='word_1_343' title='bbox 405 3511 453 3562; x_wconf 74' lang='lat' dir='ltr'><strong>siut</strong></span> <span class='ocrx_word' id='word_1_344' title='bbox 792 3505 871 3568; x_wconf 75' lang='lat' dir='ltr'><strong>stupri.</strong></span> <span class='ocrx_word' id='word_1_345' title='bbox 901 3506 1026 3560; x_wconf 78' lang='lat' dir='ltr'><strong>Atinhoc</strong></span> <span class='ocrx_word' id='word_1_346' title='bbox 1036 3521 1090 3554; x_wconf 81' lang='lat' dir='ltr'><strong>cseu</strong></span> <span class='ocrx_word' id='word_1_347' title='bbox 1102 3507 1418 3570; x_wconf 78' lang='lat' dir='ltr'><strong>miuoreritqurimiuslte·</strong></span> 
     </span>
     <span class='ocr_line' id='line_1_33' title="bbox 132 3570 1417 3640; baseline -0.002 -18"><span class='ocrx_word' id='word_1_348' title='bbox 132 3577 165 3622; x_wconf 86' lang='lat' dir='ltr'><strong>vis</strong></span> <span class='ocrx_word' id='word_1_349' title='bbox 184 3585 211 3624; x_wconf 87' lang='lat' dir='ltr'><strong>ut</strong></span> <span class='ocrx_word' id='word_1_350' title='bbox 231 3575 251 3624; x_wconf 83' lang='lat' dir='ltr'>F</span> <span class='ocrx_word' id='word_1_351' title='bbox 266 3575 295 3630; x_wconf 85' lang='lat' dir='ltr'><strong>G,</strong></span> <span class='ocrx_word' id='word_1_352' title='bbox 316 3576 452 3640; x_wconf 72' lang='lat' dir='ltr'><strong>grantstem</strong></span> <span class='ocrx_word' id='word_1_353' title='bbox 791 3585 819 3618; x_wconf 89' lang='lat' dir='ltr'><strong>ro</strong></span> <span class='ocrx_word' id='word_1_354' title='bbox 834 3571 914 3618; x_wconf 76' lang='lat' dir='ltr'><strong>stium</strong></span> <span class='ocrx_word' id='word_1_355' title='bbox 929 3570 1066 3620; x_wconf 80' lang='lat' dir='ltr'><strong>differentis.</strong></span> <span class='ocrx_word' id='word_1_356' title='bbox 1103 3570 1166 3618; x_wconf 80' lang='lat' dir='ltr'><strong>Nam</strong></span> <span class='ocrx_word' id='word_1_357' title='bbox 1182 3570 1247 3624; x_wconf 76' lang='lat' dir='ltr'><strong>fluidi</strong></span> <span class='ocrx_word' id='word_1_358' title='bbox 1262 3581 1341 3624; x_wconf 84' lang='lat' dir='ltr'><strong>tumor</strong></span> <span class='ocrx_word' id='word_1_359' title='bbox 1357 3573 1382 3620; x_wconf 92' lang='lat' dir='ltr'><strong>ln</strong></span> <span class='ocrx_word' id='word_1_360' title='bbox 1397 3575 1417 3632; x_wconf 79' lang='lat' dir='ltr'><strong>c</strong></span> 
     </span>
     <span class='ocr_line' id='line_1_34' title="bbox 131 3633 1418 3704; baseline -0.008 -15"><span class='ocrx_word' id='word_1_361' title='bbox 131 3641 246 3700; x_wconf 84' lang='lat' dir='ltr'><strong>proprium</strong></span> <span class='ocrx_word' id='word_1_362' title='bbox 265 3649 344 3704; x_wconf 72' lang='lat' dir='ltr'><strong>suget.</strong></span> <span class='ocrx_word' id='word_1_363' title='bbox 389 3639 454 3698; x_wconf 78' lang='lat' dir='ltr'><strong>Quia</strong></span> <span class='ocrx_word' id='word_1_364' title='bbox 792 3634 848 3681; x_wconf 87' lang='lat' dir='ltr'><strong>bine</strong></span> <span class='ocrx_word' id='word_1_365' title='bbox 863 3634 937 3682; x_wconf 81' lang='lat' dir='ltr'><strong>orinsr</strong></span> <span class='ocrx_word' id='word_1_366' title='bbox 952 3633 1015 3696; x_wconf 90' lang='lat' dir='ltr'><strong>quod</strong></span> <span class='ocrx_word' id='word_1_367' title='bbox 1030 3633 1130 3682; x_wconf 87' lang='lat' dir='ltr'><strong>fluidum</strong></span> <span class='ocrx_word' id='word_1_368' title='bbox 1146 3635 1221 3700; x_wconf 67' lang='lat' dir='ltr'><strong>magia</strong></span> <span class='ocrx_word' id='word_1_369' title='bbox 1230 3639 1328 3697; x_wconf 76' lang='lat' dir='ltr'><strong>graviter</strong></span> <span class='ocrx_word' id='word_1_370' title='bbox 1339 3652 1418 3686; x_wconf 74' lang='lat' dir='ltr'><strong>versus</strong></span> 
     </span>
     <span class='ocr_line' id='line_1_35' title="bbox 132 3695 1418 3766; baseline -0.002 -17"><span class='ocrx_word' id='word_1_371' title='bbox 132 3701 185 3750; x_wconf 81' lang='lat' dir='ltr'><strong>verti</strong></span> <span class='ocrx_word' id='word_1_372' title='bbox 201 3703 285 3766; x_wconf 80' lang='lat' dir='ltr'><strong>globus</strong></span> <span class='ocrx_word' id='word_1_373' title='bbox 306 3707 329 3750; x_wconf 90' lang='lat' dir='ltr'>A</span> <span class='ocrx_word' id='word_1_374' title='bbox 345 3703 366 3750; x_wconf 88' lang='lat' dir='ltr'>B</span> <span class='ocrx_word' id='word_1_375' title='bbox 381 3703 401 3751; x_wconf 84' lang='lat' dir='ltr'>C</span> <span class='ocrx_word' id='word_1_376' title='bbox 420 3703 453 3760; x_wconf 83' lang='lat'><strong>1),</strong></span> <span class='ocrx_word' id='word_1_377' title='bbox 793 3696 887 3746; x_wconf 85' lang='lat' dir='ltr'><strong>Lunsm</strong></span> <span class='ocrx_word' id='word_1_378' title='bbox 898 3695 970 3760; x_wconf 75' lang='lat' dir='ltr'><strong>qudm</strong></span> <span class='ocrx_word' id='word_1_379' title='bbox 979 3696 1081 3744; x_wconf 84' lang='lat' dir='ltr'><strong>Telluris</strong></span> <span class='ocrx_word' id='word_1_380' title='bbox 1090 3707 1196 3750; x_wconf 79' lang='lat' dir='ltr'><strong>ceruum</strong></span> <span class='ocrx_word' id='word_1_381' title='bbox 1209 3699 1238 3752; x_wconf 90' lang='grc' dir='ltr'><strong>Τ,</strong></span> <span class='ocrx_word' id='word_1_382' title='bbox 1251 3709 1329 3752; x_wconf 83' lang='lat' dir='ltr'><strong>tumor</strong></span> <span class='ocrx_word' id='word_1_383' title='bbox 1339 3709 1418 3752; x_wconf 82' lang='lat' dir='ltr'><strong>autern</strong></span> 
     </span>
     <span class='ocr_line' id='line_1_36' title="bbox 133 3759 1418 3828; baseline -0.005 -11"><span class='ocrx_word' id='word_1_384' title='bbox 133 3765 205 3816; x_wconf 82' lang='lat' dir='ltr'><strong>fluido</strong></span> <span class='ocrx_word' id='word_1_385' title='bbox 216 3767 270 3816; x_wconf 85' lang='lat' dir='ltr'><strong>sstis</strong></span> <span class='ocrx_word' id='word_1_386' title='bbox 280 3767 398 3828; x_wconf 83' lang='lat' dir='ltr'><strong>profundo</strong></span> <span class='ocrx_word' id='word_1_387' title='bbox 408 3781 454 3814; x_wconf 91' lang='lat' dir='ltr'><strong>un·</strong></span> <span class='ocrx_word' id='word_1_388' title='bbox 790 3759 857 3811; x_wconf 77' lang='lat' dir='ltr'><strong>fluidi</strong></span> <span class='ocrx_word' id='word_1_389' title='bbox 873 3762 898 3807; x_wconf 86' lang='lat' dir='ltr'><strong>in</strong></span> <span class='ocrx_word' id='word_1_390' title='bbox 917 3765 947 3819; x_wconf 89' lang='grc' dir='ltr'><strong>Α,</strong></span> <span class='ocrx_word' id='word_1_391' title='bbox 964 3759 1020 3808; x_wconf 86' lang='lat' dir='ltr'><strong>inde</strong></span> <span class='ocrx_word' id='word_1_392' title='bbox 1033 3761 1138 3825; x_wconf 80' lang='lat' dir='ltr'><strong>provenit</strong></span> <span class='ocrx_word' id='word_1_393' title='bbox 1148 3762 1210 3823; x_wconf 85' lang='lat' dir='ltr'><strong>quod</strong></span> <span class='ocrx_word' id='word_1_394' title='bbox 1223 3761 1302 3816; x_wconf 66' lang='lat' dir='ltr'><strong>Terre</strong></span> <span class='ocrx_word' id='word_1_395' title='bbox 1313 3766 1418 3818; x_wconf 74' lang='lat' dir='ltr'><strong>centrum</strong></span> 
     </span>
     <span class='ocr_line' id='line_1_37' title="bbox 133 3823 1418 3896; baseline -0.003 -20"><span class='ocrx_word' id='word_1_396' title='bbox 133 3829 204 3892; x_wconf 70' lang='lat' dir='ltr'><strong>dique</strong></span> <span class='ocrx_word' id='word_1_397' title='bbox 217 3839 336 3890; x_wconf 77' lang='lat' dir='ltr'><strong>coopertus</strong></span> <span class='ocrx_word' id='word_1_398' title='bbox 350 3831 453 3896; x_wconf 89' lang='lat' dir='ltr'><strong>ponitur,</strong></span> <span class='ocrx_word' id='word_1_399' title='bbox 790 3826 867 3888; x_wconf 75' lang='lat' dir='ltr'><strong>magis</strong></span> <span class='ocrx_word' id='word_1_400' title='bbox 884 3823 956 3890; x_wconf 77' lang='lat' dir='ltr'><strong>quim</strong></span> <span class='ocrx_word' id='word_1_401' title='bbox 973 3824 1072 3876; x_wconf 78' lang='lat' dir='ltr'><strong>fluidum</strong></span> <span class='ocrx_word' id='word_1_402' title='bbox 1092 3839 1170 3872; x_wconf 79' lang='lat' dir='ltr'><strong>sersus</strong></span> <span class='ocrx_word' id='word_1_403' title='bbox 1190 3825 1284 3876; x_wconf 85' lang='lat' dir='ltr'><strong>Lunsm</strong></span> <span class='ocrx_word' id='word_1_404' title='bbox 1303 3828 1418 3888; x_wconf 65' lang='lat' dir='ltr'><strong>gravitetp</strong></span> 
     </span>
     <span class='ocr_line' id='line_1_38' title="bbox 133 3888 1417 3955; baseline -0.002 -15"><span class='ocrx_word' id='word_1_405' title='bbox 133 3891 199 3941; x_wconf 85' lang='lat' dir='ltr'><strong>fluidi</strong></span> <span class='ocrx_word' id='word_1_406' title='bbox 221 3904 297 3941; x_wconf 82' lang='lat' dir='ltr'><strong>sutem</strong></span> <span class='ocrx_word' id='word_1_407' title='bbox 318 3905 394 3955; x_wconf 70' lang='lat' dir='ltr'><strong>parte.</strong></span> <span class='ocrx_word' id='word_1_408' title='bbox 415 3909 454 3942; x_wconf 77' lang='lat' dir='ltr'><strong>ce.</strong></span> <span class='ocrx_word' id='word_1_409' title='bbox 791 3905 869 3954; x_wconf 81' lang='lat' dir='ltr'><strong>quare.</strong></span> <span class='ocrx_word' id='word_1_410' title='bbox 888 3890 908 3935; x_wconf 93' lang='lat' dir='ltr'><strong>si</strong></span> <span class='ocrx_word' id='word_1_411' title='bbox 924 3890 975 3936; x_wconf 77' lang='lat' dir='ltr'><strong>hec</strong></span> <span class='ocrx_word' id='word_1_412' title='bbox 993 3888 1090 3938; x_wconf 78' lang='lat' dir='ltr'><strong>elevatio</strong></span> <span class='ocrx_word' id='word_1_413' title='bbox 1110 3888 1170 3938; x_wconf 81' lang='lat' dir='ltr'><strong>Solis</strong></span> <span class='ocrx_word' id='word_1_414' title='bbox 1189 3889 1273 3938; x_wconf 78' lang='lat' dir='ltr'><strong>aeunni</strong></span> <span class='ocrx_word' id='word_1_415' title='bbox 1295 3890 1417 3946; x_wconf 79' lang='lat' dir='ltr'><strong>tribuetur,</strong></span> 
     </span>
     <span class='ocr_line' id='line_1_39' title="bbox 133 3951 1419 4021; baseline 0 -21"><span class='ocrx_word' id='word_1_416' title='bbox 133 3955 194 4005; x_wconf 86' lang='lat' dir='ltr'><strong>dunt</strong></span> <span class='ocrx_word' id='word_1_417' title='bbox 207 3956 230 4002; x_wconf 80' lang='lat' dir='ltr'><strong>ri</strong></span> <span class='ocrx_word' id='word_1_418' title='bbox 248 3958 386 4021; x_wconf 71' lang='lat' dir='ltr'><strong>cuicumque</strong></span> <span class='ocrx_word' id='word_1_419' title='bbox 402 3959 452 4008; x_wconf 56' lang='lat' dir='ltr'><strong>ille.</strong></span> <span class='ocrx_word' id='word_1_420' title='bbox 791 3952 869 4004; x_wconf 82' lang='lat' dir='ltr'><strong>minor</strong></span> <span class='ocrx_word' id='word_1_421' title='bbox 878 3952 922 4012; x_wconf 84' lang='lat' dir='ltr'><strong>erit</strong></span> <span class='ocrx_word' id='word_1_422' title='bbox 931 3953 1028 4000; x_wconf 82' lang='lat' dir='ltr'><strong>ed&#39;ectus</strong></span> <span class='ocrx_word' id='word_1_423' title='bbox 1035 3952 1140 4014; x_wconf 79' lang='lat' dir='ltr'><strong>quumvis</strong></span> <span class='ocrx_word' id='word_1_424' title='bbox 1147 3952 1207 4000; x_wconf 79' lang='lat' dir='ltr'><strong>ectio</strong></span> <span class='ocrx_word' id='word_1_425' title='bbox 1217 3951 1277 4000; x_wconf 84' lang='lat' dir='ltr'><strong>Solis</strong></span> <span class='ocrx_word' id='word_1_426' title='bbox 1287 3953 1311 3998; x_wconf 88' lang='lat' dir='ltr'><strong>ia</strong></span> <span class='ocrx_word' id='word_1_427' title='bbox 1322 3953 1419 4000; x_wconf 77' lang='lat' dir='ltr'><strong>Ten-sm</strong></span> 
     </span>
     <span class='ocr_line' id='line_1_40' title="bbox 132 4013 1420 4080; baseline -0.002 -13"><span class='ocrx_word' id='word_1_428' title='bbox 132 4030 163 4072; x_wconf 70' lang='lat' dir='ltr'><strong>trs</strong></span> <span class='ocrx_word' id='word_1_429' title='bbox 178 4030 202 4067; x_wconf 88' lang='lat' dir='ltr'><strong>et</strong></span> <span class='ocrx_word' id='word_1_430' title='bbox 215 4019 317 4070; x_wconf 75' lang='lat' dir='ltr'><strong>cedendo</strong></span> <span class='ocrx_word' id='word_1_431' title='bbox 326 4022 393 4070; x_wconf 75' lang='lat' dir='ltr'><strong>facile</strong></span> <span class='ocrx_word' id='word_1_432' title='bbox 404 4037 454 4070; x_wconf 91' lang='lat' dir='ltr'><strong>mo-</strong></span> <span class='ocrx_word' id='word_1_433' title='bbox 792 4018 867 4080; x_wconf 72' lang='lat' dir='ltr'><strong>major</strong></span> <span class='ocrx_word' id='word_1_434' title='bbox 877 4017 906 4062; x_wconf 78' lang='lat' dir='ltr'><strong>sit</strong></span> <span class='ocrx_word' id='word_1_435' title='bbox 917 4013 988 4078; x_wconf 81' lang='lat' dir='ltr'><strong>quim</strong></span> <span class='ocrx_word' id='word_1_436' title='bbox 999 4017 1058 4062; x_wconf 80' lang='lat' dir='ltr'><strong>ectio</strong></span> <span class='ocrx_word' id='word_1_437' title='bbox 1071 4016 1147 4062; x_wconf 74' lang='lat' dir='ltr'><strong>Lunre</strong></span> <span class='ocrx_word' id='word_1_438' title='bbox 1158 4016 1182 4062; x_wconf 89' lang='lat' dir='ltr'><strong>in</strong></span> <span class='ocrx_word' id='word_1_439' title='bbox 1193 4017 1308 4074; x_wconf 85' lang='lat' dir='ltr'><strong>esmdern,</strong></span> <span class='ocrx_word' id='word_1_440' title='bbox 1318 4017 1420 4064; x_wconf 79' lang='lat' dir='ltr'><strong>Telluris</strong></span> 
     </span>
     <span class='ocr_line' id='line_1_41' title="bbox 133 4075 1421 4138; baseline -0.003 -6"><span class='ocrx_word' id='word_1_441' title='bbox 133 4093 218 4132; x_wconf 81' lang='lat' dir='ltr'><strong>ventur</strong></span> <span class='ocrx_word' id='word_1_442' title='bbox 236 4081 296 4133; x_wconf 83' lang='lat' dir='ltr'><strong>inter</strong></span> <span class='ocrx_word' id='word_1_443' title='bbox 309 4099 340 4138; x_wconf 82' lang='lat' dir='ltr'><strong>se,</strong></span> <span class='ocrx_word' id='word_1_444' title='bbox 356 4084 455 4136; x_wconf 85' lang='lat' dir='ltr'><strong>liuidum</strong></span> <span class='ocrx_word' id='word_1_445' title='bbox 792 4082 855 4127; x_wconf 84' lang='lat' dir='ltr'><strong>enim</strong></span> <span class='ocrx_word' id='word_1_446' title='bbox 867 4075 1047 4126; x_wconf 83' lang='lat' dir='ltr'><strong>semi-diameter</strong></span> <span class='ocrx_word' id='word_1_447' title='bbox 1059 4079 1081 4126; x_wconf 90' lang='lat' dir='ltr'><strong>T</strong></span> <span class='ocrx_word' id='word_1_448' title='bbox 1094 4080 1114 4126; x_wconf 89' lang='lat' dir='ltr'>C</span> <span class='ocrx_word' id='word_1_449' title='bbox 1125 4078 1161 4126; x_wconf 83' lang='lat' dir='ltr'><strong>rei</strong></span> <span class='ocrx_word' id='word_1_450' title='bbox 1174 4079 1197 4126; x_wconf 87' lang='lat' dir='ltr'><strong>T</strong></span> <span class='ocrx_word' id='word_1_451' title='bbox 1210 4080 1232 4126; x_wconf 88' lang='lat' dir='ltr'>A</span> <span class='ocrx_word' id='word_1_452' title='bbox 1243 4079 1292 4126; x_wconf 81' lang='lat' dir='ltr'><strong>t‘ers</strong></span> <span class='ocrx_word' id='word_1_453' title='bbox 1306 4081 1421 4128; x_wconf 78' lang='lat' dir='ltr'><strong>evanescit</strong></span> 
     </span>
     <span class='ocr_line' id='line_1_42' title="bbox 133 4141 1420 4210; baseline -0.004 -15"><span class='ocrx_word' id='word_1_454' title='bbox 133 4147 193 4196; x_wconf 90' lang='lat' dir='ltr'><strong>illud</strong></span> <span class='ocrx_word' id='word_1_455' title='bbox 208 4161 287 4194; x_wconf 81' lang='lat' dir='ltr'><strong>sersus</strong></span> <span class='ocrx_word' id='word_1_456' title='bbox 305 4148 327 4200; x_wconf 79' lang='lat' dir='ltr'>A</span> <span class='ocrx_word' id='word_1_457' title='bbox 339 4157 362 4196; x_wconf 87' lang='lat' dir='ltr'><strong>et</strong></span> <span class='ocrx_word' id='word_1_458' title='bbox 374 4150 394 4198; x_wconf 90' lang='lat' dir='ltr'>C</span> <span class='ocrx_word' id='word_1_459' title='bbox 411 4164 453 4210; x_wconf 74' lang='lat' dir='ltr'><strong>po.</strong></span> <span class='ocrx_word' id='word_1_460' title='bbox 793 4153 897 4204; x_wconf 82' lang='lat' dir='ltr'><strong>respectu</strong></span> <span class='ocrx_word' id='word_1_461' title='bbox 910 4145 1030 4188; x_wconf 75' lang='lat' dir='ltr'><strong>immense</strong></span> <span class='ocrx_word' id='word_1_462' title='bbox 1041 4142 1102 4190; x_wconf 90' lang='lat' dir='ltr'><strong>Solis</strong></span> <span class='ocrx_word' id='word_1_463' title='bbox 1112 4159 1126 4188; x_wconf 86' lang='lat' dir='ltr'><strong>a</strong></span> <span class='ocrx_word' id='word_1_464' title='bbox 1137 4143 1212 4192; x_wconf 83' lang='lat' dir='ltr'><strong>Terris</strong></span> <span class='ocrx_word' id='word_1_465' title='bbox 1223 4143 1344 4200; x_wconf 75' lang='lat' dir='ltr'><strong>distantior,</strong></span> <span class='ocrx_word' id='word_1_466' title='bbox 1357 4141 1420 4192; x_wconf 82' lang='lat' dir='ltr'><strong>ided-</strong></span> 
     </span>
     <span class='ocr_line' id='line_1_43' title="bbox 133 4205 1422 4270; baseline -0.005 -10"><span class='ocrx_word' id='word_1_467' title='bbox 133 4211 205 4260; x_wconf 81' lang='lat' dir='ltr'><strong>situm</strong></span> <span class='ocrx_word' id='word_1_468' title='bbox 221 4225 236 4258; x_wconf 81' lang='lat' dir='ltr'><strong>a</strong></span> <span class='ocrx_word' id='word_1_469' title='bbox 252 4209 324 4260; x_wconf 86' lang='lat' dir='ltr'><strong>lluido</strong></span> <span class='ocrx_word' id='word_1_470' title='bbox 340 4227 419 4258; x_wconf 80' lang='lat' dir='ltr'><strong>versus</strong></span> <span class='ocrx_word' id='word_1_471' title='bbox 432 4213 453 4262; x_wconf 89' lang='grc' dir='ltr'><strong>Β</strong></span> <span class='ocrx_word' id='word_1_472' title='bbox 793 4221 841 4270; x_wconf 85' lang='lat' dir='ltr'><strong>que</strong></span> <span class='ocrx_word' id='word_1_473' title='bbox 851 4207 917 4254; x_wconf 85' lang='lat' dir='ltr'><strong>fluidi</strong></span> <span class='ocrx_word' id='word_1_474' title='bbox 929 4207 954 4252; x_wconf 90' lang='lat' dir='ltr'><strong>in</strong></span> <span class='ocrx_word' id='word_1_475' title='bbox 967 4205 987 4254; x_wconf 87' lang='lat' dir='ltr'>C</span> <span class='ocrx_word' id='word_1_476' title='bbox 999 4205 1067 4253; x_wconf 70' lang='lat' dir='ltr'><strong>locuti</strong></span> <span class='ocrx_word' id='word_1_477' title='bbox 1082 4206 1271 4268; x_wconf 72' lang='lat' dir='ltr'><strong>grauitesrersus</strong></span> <span class='ocrx_word' id='word_1_478' title='bbox 1284 4207 1361 4254; x_wconf 86' lang='lat' dir='ltr'><strong>Solem</strong></span> <span class='ocrx_word' id='word_1_479' title='bbox 1378 4207 1422 4258; x_wconf 83' lang='lat' dir='ltr'><strong>erit</strong></span> 
     </span>
     <span class='ocr_line' id='line_1_44' title="bbox 133 4269 1422 4336; baseline -0.003 -14"><span class='ocrx_word' id='word_1_480' title='bbox 133 4283 157 4322; x_wconf 85' lang='lat' dir='ltr'><strong>et</strong></span> <span class='ocrx_word' id='word_1_481' title='bbox 176 4275 208 4330; x_wconf 90' lang='lat' dir='ltr'><strong>D,</strong></span> <span class='ocrx_word' id='word_1_482' title='bbox 226 4273 302 4334; x_wconf 72' lang='lat' dir='ltr'><strong>posito</strong></span> <span class='ocrx_word' id='word_1_483' title='bbox 318 4275 455 4336; x_wconf 72' lang='lat' dir='ltr'><strong>expelletur,</strong></span> <span class='ocrx_word' id='word_1_484' title='bbox 793 4269 957 4318; x_wconf 84' lang='lat' dir='ltr'><strong>insensibiliter</strong></span> <span class='ocrx_word' id='word_1_485' title='bbox 982 4270 1057 4334; x_wconf 76' lang='lat' dir='ltr'><strong>major</strong></span> <span class='ocrx_word' id='word_1_486' title='bbox 1081 4269 1192 4331; x_wconf 76' lang='lat' dir='ltr'><strong>gravitate</strong></span> <span class='ocrx_word' id='word_1_487' title='bbox 1215 4269 1317 4318; x_wconf 83' lang='lat' dir='ltr'><strong>Telluris</strong></span> <span class='ocrx_word' id='word_1_488' title='bbox 1342 4287 1422 4318; x_wconf 78' lang='lat' dir='ltr'><strong>versus</strong></span> 
     </span>
     <span class='ocr_line' id='line_1_45' title="bbox 134 4331 1422 4400; baseline -0.004 -12"><span class='ocrx_word' id='word_1_489' title='bbox 134 4337 210 4388; x_wconf 78' lang='lat' dir='ltr'><strong>levius</strong></span> <span class='ocrx_word' id='word_1_490' title='bbox 221 4336 336 4386; x_wconf 84' lang='lat' dir='ltr'><strong>sciliceta</strong></span> <span class='ocrx_word' id='word_1_491' title='bbox 347 4339 456 4400; x_wconf 73' lang='lat' dir='ltr'><strong>graviore,</strong></span> <span class='ocrx_word' id='word_1_492' title='bbox 795 4334 905 4387; x_wconf 81' lang='lat' dir='ltr'><strong>eundem,</strong></span> <span class='ocrx_word' id='word_1_493' title='bbox 917 4343 941 4380; x_wconf 86' lang='lat' dir='ltr'><strong>et</strong></span> <span class='ocrx_word' id='word_1_494' title='bbox 950 4331 1016 4380; x_wconf 85' lang='lat' dir='ltr'><strong>fluidi</strong></span> <span class='ocrx_word' id='word_1_495' title='bbox 1027 4335 1052 4379; x_wconf 84' lang='lat' dir='ltr'><strong>in</strong></span> <span class='ocrx_word' id='word_1_496' title='bbox 1067 4335 1087 4380; x_wconf 87' lang='lat' dir='ltr'>A</span> <span class='ocrx_word' id='word_1_497' title='bbox 1101 4335 1167 4393; x_wconf 86' lang='lat' dir='ltr'><strong>positi</strong></span> <span class='ocrx_word' id='word_1_498' title='bbox 1178 4334 1278 4396; x_wconf 75' lang='lat' dir='ltr'><strong>grauitas</strong></span> <span class='ocrx_word' id='word_1_499' title='bbox 1288 4349 1367 4382; x_wconf 79' lang='lat' dir='ltr'><strong>versus</strong></span> <span class='ocrx_word' id='word_1_500' title='bbox 1380 4337 1422 4383; x_wconf 87' lang='lat' dir='ltr'><strong>So-</strong></span> 
     </span>
     <span class='ocr_line' id='line_1_46' title="bbox 137 4397 1423 4464; baseline -0.002 -15"><span class='ocrx_word' id='word_1_501' title='bbox 137 4401 259 4452; x_wconf 83' lang='lat' dir='ltr'><strong>sttclletur</strong></span> <span class='ocrx_word' id='word_1_502' title='bbox 283 4399 339 4464; x_wconf 75' lang='lat' dir='ltr'><strong>ergd</strong></span> <span class='ocrx_word' id='word_1_503' title='bbox 360 4400 459 4452; x_wconf 87' lang='lat' dir='ltr'><strong>fluidum</strong></span> <span class='ocrx_word' id='word_1_504' title='bbox 794 4398 841 4447; x_wconf 86' lang='lat' dir='ltr'><strong>lem</strong></span> <span class='ocrx_word' id='word_1_505' title='bbox 860 4398 904 4444; x_wconf 84' lang='lat' dir='ltr'><strong>erit</strong></span> <span class='ocrx_word' id='word_1_506' title='bbox 921 4397 1083 4448; x_wconf 77' lang='lat' dir='ltr'><strong>insensibiliter</strong></span> <span class='ocrx_word' id='word_1_507' title='bbox 1099 4398 1175 4446; x_wconf 88' lang='lat' dir='ltr'><strong>rninor</strong></span> <span class='ocrx_word' id='word_1_508' title='bbox 1191 4401 1301 4460; x_wconf 77' lang='lat' dir='ltr'><strong>gravitate</strong></span> <span class='ocrx_word' id='word_1_509' title='bbox 1319 4398 1423 4448; x_wconf 81' lang='lat' dir='ltr'><strong>Telluris</strong></span> 
     </span>
     <span class='ocr_line' id='line_1_47' title="bbox 138 4459 1423 4536; baseline -0.003 -22"><span class='ocrx_word' id='word_1_510' title='bbox 138 4465 458 4527; x_wconf 61' lang='lat' dir='ltr'><strong>renumerationis»</strong></span> <span class='ocrx_word' id='word_1_511' title='bbox 795 4477 874 4508; x_wconf 77' lang='lat' dir='ltr'><strong>sersus</strong></span> <span class='ocrx_word' id='word_1_512' title='bbox 891 4460 1001 4536; x_wconf 82' lang='lat' dir='ltr'><strong>eundem,¹</strong></span> <span class='ocrx_word' id='word_1_513' title='bbox 1019 4475 1090 4522; x_wconf 75' lang='lat' dir='ltr'><strong>quaere</strong></span> <span class='ocrx_word' id='word_1_514' title='bbox 1109 4459 1184 4528; x_wconf 70' lang='lat' dir='ltr'><strong>figura</strong></span> <span class='ocrx_word' id='word_1_515' title='bbox 1206 4461 1347 4521; x_wconf 80' lang='lat' dir='ltr'><strong>spiueroides</strong></span> <span class='ocrx_word' id='word_1_516' title='bbox 1367 4461 1423 4510; x_wconf 74' lang='lat' dir='ltr'><strong>inde</strong></span> 
     </span>
     <span class='ocr_line' id='line_1_48' title="bbox 136 4523 1424 4654; baseline -0.003 -12"><span class='ocrx_word' id='word_1_517' title='bbox 136 4529 470 4654; x_wconf 44' lang='lat' dir='ltr'><strong>duordeiieseilldiiimlijoitfldidi</strong></span> <span class='ocrx_word' id='word_1_518' title='bbox 480 4591 552 4646; x_wconf 83' lang='lat' dir='ltr'><strong>moles</strong></span> <span class='ocrx_word' id='word_1_519' title='bbox 566 4603 590 4643; x_wconf 85' lang='lat' dir='ltr'><strong>et</strong></span> <span class='ocrx_word' id='word_1_520' title='bbox 604 4591 702 4646; x_wconf 75' lang='lat' dir='ltr'><strong>altitudo</strong></span> <span class='ocrx_word' id='word_1_521' title='bbox 713 4605 762 4640; x_wconf 83' lang='lat' dir='ltr'><strong>rus-</strong></span> <span class='ocrx_word' id='word_1_522' title='bbox 795 4527 975 4653; x_wconf 56' lang='lat' dir='ltr'><strong>iiidiirqiririid</strong></span> <span class='ocrx_word' id='word_1_523' title='bbox 981 4535 1142 4636; x_wconf 50' lang='lat' dir='ltr'><strong>ciiddlii‘lloel)</strong></span> <span class='ocrx_word' id='word_1_524' title='bbox 1152 4523 1305 4652; x_wconf 42' lang='lat' dir='ltr'><strong>iiiimxiiii.</strong></span> <span class='ocrx_word' id='word_1_525' title='bbox 1314 4527 1424 4640; x_wconf 59' lang='lat' dir='ltr'><strong>‘diddmdd</strong></span> 
     </span>
     <span class='ocr_line' id='line_1_49' title="bbox 135 4651 1424 4722; baseline -0.002 -18"><span class='ocrx_word' id='word_1_526' title='bbox 135 4655 209 4720; x_wconf 78' lang='lat' dir='ltr'><strong>jorern</strong></span> <span class='ocrx_word' id='word_1_527' title='bbox 220 4657 357 4720; x_wconf 78' lang='lat' dir='ltr'><strong>grsritstem</strong></span> <span class='ocrx_word' id='word_1_528' title='bbox 367 4665 506 4721; x_wconf 82' lang='lat' dir='ltr'><strong>compenset,</strong></span> <span class='ocrx_word' id='word_1_529' title='bbox 518 4667 542 4706; x_wconf 80' lang='lat' dir='ltr'><strong>et</strong></span> <span class='ocrx_word' id='word_1_530' title='bbox 553 4659 640 4722; x_wconf 87' lang='lat' dir='ltr'><strong>ubique</strong></span> <span class='ocrx_word' id='word_1_531' title='bbox 652 4656 763 4702; x_wconf 80' lang='lat' dir='ltr'><strong>munitu-</strong></span> <span class='ocrx_word' id='word_1_532' title='bbox 798 4663 890 4718; x_wconf 84' lang='lat' dir='ltr'><strong>propter</strong></span> <span class='ocrx_word' id='word_1_533' title='bbox 907 4653 1031 4698; x_wconf 80' lang='lat' dir='ltr'><strong>immensos</strong></span> <span class='ocrx_word' id='word_1_534' title='bbox 1051 4651 1111 4698; x_wconf 88' lang='lat' dir='ltr'><strong>Solis</strong></span> <span class='ocrx_word' id='word_1_535' title='bbox 1125 4651 1179 4699; x_wconf 83' lang='lat' dir='ltr'><strong>licet</strong></span> <span class='ocrx_word' id='word_1_536' title='bbox 1195 4653 1340 4702; x_wconf 81' lang='lat' dir='ltr'><strong>remotissimi</strong></span> <span class='ocrx_word' id='word_1_537' title='bbox 1358 4653 1424 4708; x_wconf 80' lang='lat' dir='ltr'><strong>sires.</strong></span> 
     </span>
     <span class='ocr_line' id='line_1_50' title="bbox 138 4715 1240 4787; baseline -0.005 -19"><span class='ocrx_word' id='word_1_538' title='bbox 138 4727 189 4768; x_wconf 78' lang='lat' dir='ltr'><strong>sarr</strong></span> <span class='ocrx_word' id='word_1_539' title='bbox 205 4719 367 4786; x_wconf 77' lang='lat' dir='ltr'><strong>equilibrium.</strong></span> <span class='ocrx_word' id='word_1_540' title='bbox 402 4721 550 4787; x_wconf 79' lang='lat' dir='ltr'><strong>Quapropter</strong></span> <span class='ocrx_word' id='word_1_541' title='bbox 567 4719 699 4786; x_wconf 72' lang='lat' dir='ltr'><strong>mpericies</strong></span> <span class='ocrx_word' id='word_1_542' title='bbox 714 4733 763 4771; x_wconf 88' lang='lat' dir='ltr'><strong>rus·</strong></span> <span class='ocrx_word' id='word_1_543' title='bbox 795 4715 879 4781; x_wconf 78' lang='lat' dir='ltr'><strong>aliquis</strong></span> <span class='ocrx_word' id='word_1_544' title='bbox 889 4715 932 4764; x_wconf 83' lang='lat' dir='ltr'><strong>erit</strong></span> <span class='ocrx_word' id='word_1_545' title='bbox 942 4715 1038 4764; x_wconf 78' lang='lat' dir='ltr'><strong>redonis</strong></span> <span class='ocrx_word' id='word_1_546' title='bbox 1047 4715 1127 4766; x_wconf 76' lang='lat' dir='ltr'><strong>scistis</strong></span> <span class='ocrx_word' id='word_1_547' title='bbox 1136 4716 1240 4766; x_wconf 69' lang='lat' dir='ltr'><strong>effectus.</strong></span> 
     </span>
    </p>
   </div>
   <div class='ocr_carea' id='block_1_4' title="bbox 740 4804 799 4854">
    <p class='ocr_par' dir='ltr' id='par_1_6' title="bbox 740 4804 799 4854">
     <span class='ocr_line' id='line_1_51' title="bbox 740 4804 799 4854; baseline -0.034 0"><span class='ocrx_word' id='word_1_548' title='bbox 740 4804 799 4854; x_wconf 61' lang='lat'><strong>¹12</strong></span> 
     </span>
    </p>
   </div>
   <div class='ocr_carea' id='block_1_5' title="bbox 0 0 1790 5876">
    <p class='ocr_par' dir='ltr' id='par_1_7' title="bbox 0 0 1790 5876">
     <span class='ocr_line' id='line_1_52' title="bbox 0 0 1790 5876; baseline 0 0"><span class='ocrx_word' id='word_1_549' title='bbox 0 0 1790 5876; x_wconf 95' lang='lat' dir='ltr'><strong> </strong></span> 
     </span>
    </p>
   </div>
  </div>
 </body>
</html>
