3540 5886
453 501 645 568 Fuuxus
666 501 727 566 ΔΟ
751 501 1007 570 REFLUXUS
1028 503 1185 574 Malus
1394 511 1456 576 Μ

176 673 397 749 observantium
419 676 507 760 cujus
522 673 648 759 quidem
662 670 879 738 retardationis
893 695 986 740 causa
999 676 1033 740 in
1047 675 1114 761 ipsi
1128 697 1218 762 aqua
1232 673 1341 742 inertisi
1356 677 1460 760 posita

176 779 358 865 asscprimt
374 779 467 846 etiam
481 779 582 844 fronte
595 777 791 862 perspicitur.
1346 837 1361 852 ,

219 896 242 972 §.
260 897 311 960 72.
335 889 543 966 Quantumvis
566 898 671 950 autem
696 886 825 974 agitatio
848 887 944 950 maris
968 887 1002 950 in
1025 889 1274 972 precedentibus
1297 889 1460 974 Capitibus

177 971 381 1063 determinata
395 999 435 1062 ab
448 995 715 1060 observationibus
726 995 898 1072 dissentiat,
914 1007 1018 1058 tamen
1032 996 1208 1080 complures
1222 999 1461 1064 accommanda

179 1125 246 1168 sese
256 1105 322 1188 jam
336 1103 547 1188 praebuerunt,
564 1100 766 1185 Quantitas
779 1112 942 1186 tantopere
956 1113 1182 1178 consentanee,
1192 1127 1195 1132 ¹
1205 1114 1241 1168 ut
1254 1103 1388 1188 amplida
1402 1104 1461 1170 du-

180 1211 278 1274 bitare
300 1210 427 1274 omnino
448 1230 648 1295 nequeamus,
672 1209 749 1294 quin
769 1209 802 1274 in
817 1208 933 1274 viribus
950 1210 1055 1276 Solem
1071 1210 1259 1298 Lunamque
1271 1213 1462 1298 respicienti·

179 1317 247 1394 bus,
271 1339 347 1402 quas
364 1339 429 1380 non
443 1315 560 1380 temeri
575 1315 784 1394 assumsimus,
808 1315 864 1380 sed
884 1315 1011 1380 aliunde
1024 1317 1157 1382 existere
1171 1317 1462 1396 demonstravimus,

179 1449 252 1490 vera
266 1436 298 1489 et
310 1425 447 1512 genuina
461 1423 555 1487 aestirs
569 1423 662 1486 maris
676 1445 770 1488 causa
784 1424 989 1489 contineatur.
1028 1425 1124 1490 Hauc
1138 1427 1181 1492 ob
1194 1449 1261 1492 rem
1270 1429 1337 1512 jam
1351 1427 1462 1496 meritd

180 1534 330 1617 suspicari
350 1533 433 1608 licet,
456 1529 663 1594 dissensiones
685 1551 756 1616 quae
778 1531 859 1594 inter
878 1529 1032 1594 theoriam
1053 1541 1202 1609 nostran,
1226 1543 1378 1618 quatenus
1392 1551 1463 1600 eam

180 1651 327 1706 assumta
341 1635 506 1723 hypothesi
520 1637 794 1722 superstruximus,
810 1648 843 1700 et
856 1636 1081 1720 experientiam
1094 1638 1302 1717 intercedunt,
1318 1639 1359 1704 ab
1373 1660 1464 1724 aqttse

182 1745 292 1811 inertis
308 1745 436 1830 aliisque
451 1743 697 1822 circumstantiis,
713 1765 846 1829 quarum
860 1744 978 1810 nullam
993 1744 1096 1812 adhuc
1113 1747 1264 1812 rationem
1286 1747 1462 1824 habuimus,

181 1852 346 1938 proficisci.
392 1851 550 1926 Quocirca
575 1851 601 1913 si
626 1850 731 1918 omnia
751 1850 872 1914 inertiae
894 1849 1015 1915 ratione
1035 1851 1142 1916 habiti
1168 1852 1209 1918 sd
1235 1853 1465 1920 obser-sationes
1507 1861 1510 1870 '

182 1959 312 2047 propids
334 1959 492 2036 accedant,
516 1958 550 2022 id
565 1957 690 2044 quidem
705 1970 823 2022 nostrae
837 1957 967 2024 theoriae
981 1959 1151 2022 maximum
1167 1959 1275 2026 afferet
1288 1960 1466 2026 firmantem

182 2083 259 2148 tum,
283 2079 375 2154 atque
397 2066 490 2132 simul
511 2088 618 2130 omnes
633 2066 709 2136 alias
723 2087 844 2144 musas,
864 2087 937 2150 quoe
956 2077 1072 2149 praeter
1092 2065 1149 2130 bas
1170 2065 1221 2131 vel
1241 2079 1314 2133 sunt
1333 2066 1466 2150 prolata

183 2177 232 2240 vel
247 2173 380 2260 proferri
393 2186 534 2260 possunt,
550 2171 704 2249 excludet,
723 2171 889 2256 irritasque
902 2169 1021 2236 reddet.
1069 2170 1151 2238 cum
1172 2171 1268 2260 igitur
1282 2159 1484 2236 consensum⁸

185 2282 277 2367 hujus
301 2281 430 2344 theoriae
455 2301 528 2342 cum
556 2279 785 2363 phaenomenis,
816 2299 892 2342 mox
920 2279 1015 2342 simus
1046 2278 1273 2343 evidentissime
1303 2279 1466 2368 ostensuri,

187 2388 350 2473 quoestioni
372 2387 413 2452 ab
434 2386 549 2472 inclyti
573 2386 743 2452 Academisi
764 2387 933 2470 propositae
949 2408 990 2450 ex
1004 2409 1071 2450 asse
1087 2385 1267 2452 satisfecisse
1284 2389 1356 2472 jure
1376 2387 1468 2456 nobis

186 2495 379 2559 videbimur:
414 2492 486 2558 crim
508 2515 573 2558 uon
595 2494 697 2558 solum
718 2491 821 2556 nullas
843 2492 925 2556 vires
948 2492 1145 2580 imaginarias
1168 2494 1388 2574 effinxerimus,
1414 2493 1469 2560 sed

186 2605 279 2668 etiam
299 2603 412 2667 virium
435 2602 559 2667 Lunam
584 2602 751 2688 Solemque
773 2600 1003 2686 respicientium
1028 2601 1221 2666 existentiam
1243 2602 1369 2668 aliunde
1387 2601 1468 2668 dilu-

186 2714 255 2778 cide
276 2714 467 2778 evicerimus.
513 2712 625 2800 Neque
645 2735 720 2778 vero
741 2713 776 2777 in
795 2712 857 2776 hoc
877 2713 1005 2799 negotio
1026 2735 1096 2776 curn
1115 2713 1273 2800 plerisque
1292 2715 1470 2802 Anglorutu

185 2821 227 2886 ad
242 2821 403 2906 qualitates
418 2819 554 2884 occultas
568 2841 675 2884 sumus
689 2819 819 2904 delapsi,
835 2816 943 2883 verdm
958 2821 1062 2902 potius
1078 2842 1202 2884 causam
1217 2819 1348 2886 istarum
1357 2820 1470 2886 virium

186 2927 283 2992 modo
303 2927 446 2994 rationali
466 2939 499 2992 et
520 2927 641 3016 legibus
662 2926 766 2994 motis
788 2938 997 2992 consentaneo
1011 2927 1046 2990 in
1060 2928 1228 2994 vorticibus
1242 2929 1469 3010 constituimus,

186 3059 320 3121 quorum
343 3035 475 3100 formam
497 3049 590 3120 atque
603 3036 742 3100 indolem
755 3033 928 3098 luculenter
943 3034 1100 3117 explicare
1113 3057 1273 3118 possemus
1284 3061 1294 3113 3
1318 3037 1413 3123 idque
1426 3038 1472 3104 fs-

187 3144 343 3218 cissemus,
367 3141 426 3204 nisi
448 3140 488 3204 ab
502 3141 571 3204 aliis
585 3139 659 3204 edm
671 3142 737 3224 jam
752 3141 826 3202 satia
841 3151 922 3202 esset
935 3139 1123 3222 expositum,
1139 3139 1206 3204 tum
1221 3142 1315 3206 edam
1329 3143 1472 3214 abilius·

188 3247 320 3314 nissimi
336 3245 506 3314 Academii
522 3246 555 3308 in
568 3255 727 3330 prasente
739 3243 913 3330 quastione
927 3263 991 3306 non
1006 3244 1122 3330 requiri
1135 3245 1285 3312 videatur.

231 3363 255 3440 l.
271 3363 323 3424 78.
346 3356 435 3420 Dum
455 3355 550 3441 igitur
571 3353 722 3416 hactenus
744 3373 834 3438 aquae
854 3371 981 3414 omnem
995 3349 1138 3414 inertiam
1152 3350 1339 3437 cogitatione
1354 3353 1471 3423 demi.

186 3487 266 3542 mus,
282 3464 342 3550 ipsi
357 3460 507 3547 ejusmodi
522 3459 701 3546 qualitatem
716 3457 902 3536 affinximus,
916 3455 977 3543 qud
992 3455 1109 3520 viribus
1121 3455 1356 3526 sollicitantibus
1366 3460 1470 3531 subito

187 3571 417 3654 obsequeretur,
435 3589 530 3652 seque
549 3565 582 3629 in
596 3563 723 3628 instanti
745 3564 778 3628 in
793 3585 863 3627 eum
879 3573 994 3627 statum
1008 3561 1169 3646 reciperet,
1185 3562 1218 3626 in
1233 3586 1296 3650 quo
1310 3587 1382 3630 cum
1396 3568 1469 3632 viri·

187 3677 246 3742 bus
269 3676 302 3738 in
324 3673 499 3760 aequilibrio
522 3673 721 3748 consisteret;
751 3670 874 3755 hocque
898 3681 992 3753 pacto
1017 3690 1130 3754 aquam
1154 3691 1219 3734 uon
1243 3669 1345 3736 solum
1366 3673 1469 3742 subitd
1501 3747 1510 3763 ⁸

186 3787 286 3851 omnis
309 3785 412 3850 motus
436 3803 581 3868 capacem
603 3783 773 3867 posuimus,
800 3779 855 3844 sed
877 3779 970 3843 etiam
992 3778 1036 3842 ita
1057 3792 1278 3864 comparatam,
1301 3795 1336 3848 ut
1355 3786 1468 3870 ‘quovis

186 3906 342 3960 momento
363 3915 487 3956 omnem
507 3891 672 3976 pristinum
693 3901 814 3955 motum
835 3889 965 3953 amittat.
1009 3887 1121 3976 Longi
1144 3889 1232 3954 aliter
1247 3903 1351 3956 autem
1368 3913 1419 3958 res
1434 3915 1467 3962 ss

186 3999 288 4078 habet,
311 4001 337 4063 si
358 4001 477 4065 merdae
499 3999 579 4063 ratio
600 3999 633 4062 in
655 4011 837 4084 computum
856 3996 1007 4074 ducatur3
1030 3997 1098 4061 baec
1111 3999 1195 4064 enim
1209 3999 1303 4066 efficit
1317 4013 1352 4066 ut
1365 4001 1467 4088 primo

184 4132 266 4196 aqua
286 4131 350 4172 non
372 4107 474 4172 subitd
497 4131 530 4172 se
552 4106 593 4172 ad
615 4129 686 4170 eum
702 4108 796 4171 situm
810 4117 987 4190 componat,
1010 4127 1104 4190 quem
1117 4106 1198 4172 vires
1212 4107 1389 4188 intendunt,
1411 4109 1467 4178 ssd

186 4217 377 4302 pedetentim
397 4240 454 4302 per
476 4239 591 4282 omnes
604 4217 721 4304 gradus
743 4215 862 4282 medios
884 4215 926 4280 ad
946 4239 1019 4282 eum
1033 4217 1176 4295 accedst3
1199 4219 1311 4286 deinde
1326 4220 1400 4288 verb
1416 4245 1467 4288 ea·

184 4325 255 4388 dem
271 4323 380 4386 inertia
394 4323 426 4386 in
442 4335 604 4402 causaest,
621 4323 706 4410 quod
722 4347 811 4410 aqua,
834 4320 906 4387 crim
926 4323 960 4388 in
974 4337 1089 4388 statum
1103 4325 1267 4412 aequilibrii
1280 4330 1466 4412 pervenerit,

183 4432 227 4498 ibi
241 4455 306 4497 non
321 4435 503 4520 acquiescat,
527 4433 581 4498 sed
596 4434 639 4498 ob
652 4445 772 4497 motum
794 4433 920 4496 insitum
934 4431 1016 4498 ulus
1030 4434 1258 4531 progrediamur,
1281 4435 1385 4522 quoad
1398 4459 1466 4504 om·

184 4561 257 4604 nem
286 4552 405 4604 motum
434 4563 453 4604 a
481 4541 626 4624 potentiis
656 4539 859 4602 renitentibus
892 4539 1022 4604 amittat.
1088 4539 1141 4604 Ex
1175 4563 1239 4628 quo
1267 4544 1467 4628 perspicuum

184 4659 240 4726 est,
272 4649 405 4714 admissi
434 4650 545 4714 inertiti
574 4672 673 4736 aquae,
704 4672 724 4712 a
752 4650 898 4733 potentiis
928 4638 1162 4716 sollicitantibus
1191 4665 1309 4720 motum
1338 4655 1466 4722 omnino

184 4757 342 4824 diversum
363 4771 435 4824 actu
456 4759 593 4844 imprimi
614 4757 728 4822 debere
749 4759 790 4824 ab
810 4781 858 4836 eo,
882 4779 975 4844 quem
994 4759 1153 4845 reciperet,
1171 4761 1197 4826 si
1217 4761 1327 4828 inertiti
1343 4765 1465 4851 privata
