3516 5870
442 519 633 589 FLUXUS
654 517 719 586 AC.
738 515 991 586 REFLUXUS
1014 513 1171 582 MARIS.
1382 509 1445 572 26⁷
1530 559 1533 572 Δ

205 694 298 770 last.
322 688 564 756 Consideremus
585 690 680 776 igitur
701 687 838 772 primum
861 688 994 751 Terram
1015 687 1049 750 in
1069 697 1150 748 statu
1167 702 1224 746 suo
1245 675 1389 754 naturali,
1413 675 1447 739 in

163 821 256 886 quern
277 823 311 864 se
332 800 397 865 soli
420 801 450 862 vi
471 801 630 887 gravitatis
652 799 847 884 composuit3
870 799 990 883 inquo,
1014 795 1086 860 crim
1099 794 1245 858 habitura
1258 791 1299 854 sit
1313 789 1446 874 figuram

164 907 358 992 sphaericam,
382 919 582 993 representet
604 908 738 972 circulus
759 909 792 972 A
807 907 840 972 D
857 907 885 971 B
901 905 931 968 E
953 927 1008 968 seu
1029 903 1134 987 potiris
1153 905 1266 990 globus
1282 903 1347 986 ejus
1362 915 1445 968 rota·

163 1015 248 1080 tione
262 1028 349 1082 ortus
365 1017 507 1094 Terram,
530 1037 624 1100 quam
638 1026 791 1098 praeterea
804 1013 942 1098 undique
957 1009 1037 1095 aqud
1053 1007 1269 1072 circmnsu'sam
1290 1009 1446 1092 ponimus.¹

164 1119 315 1186 Versetur
329 1123 396 1206 jam
419 1121 474 1186 Sol
496 1119 546 1184 vel
568 1120 661 1184 Luna
682 1121 715 1183 iu
738 1120 771 1196 S,
795 1141 814 1182 a
829 1120 915 1204 cujus
930 1117 961 1192 vi
981 1113 1053 1180 crim
1067 1113 1202 1201 gravitas
1217 1111 1455 1210 naamitarum

163 1229 196 1290 in
218 1231 249 1294 A
271 1226 363 1315 qutim
385 1231 419 1292 in
442 1230 471 1294 B
493 1229 693 1305 diminuatur,
716 1227 749 1290 in
772 1228 805 1292 D
820 1226 894 1291 verb
909 1239 941 1289 et
956 1224 985 1287 E
1002 1236 1163 1312 augeatur,
1185 1223 1385 1286 manifestum
1399 1235 1452 1286 est·

163 1333 295 1398 Terram
310 1357 365 1400 seu
379 1334 484 1420 potitis
499 1357 612 1421 aquam
625 1334 670 1397 illi
685 1332 903 1398 circumfusam
917 1331 1069 1396 elevatum
1084 1331 1122 1393 iri
1137 1330 1170 1392 in
1186 1331 1217 1393 A
1231 1343 1263 1394 et
1278 1331 1317 1406 B,
1338 1330 1447 1396 contral

161 1441 236 1506 verb
261 1441 295 1504 in
320 1442 355 1508 D
380 1455 411 1508 st
437 1441 467 1506 E
491 1441 634 1525 deprimi,
658 1440 753 1526 idque
775 1461 921 1524 eousque,
947 1437 1051 1523 quoad
1074 1435 1303 1500 sollicitationes
1371 1438 1445 1504 Sole

162 1549 293 1615 Lunaivc
307 1550 341 1612 in
357 1551 381 1612 S
395 1549 537 1614 oriundae
548 1570 620 1614 cum
630 1549 661 1612 vi
675 1548 834 1636 gravitatis
845 1547 886 1610 ad
896 1547 993 1630 aequi·

160 1655 286 1720 librium
301 1655 417 1720 fuerint
429 1656 573 1722 redactae.
605 1657 654 1721 Sit
667 1657 772 1742 itaque
783 1678 878 1720 curva
886 1677 906 1718 a
914 1655 936 1717 d
944 1655 993 1716 be

162 1783 200 1826 ca
225 1761 336 1846 figura,
363 1782 433 1846 quaa
457 1760 540 1826 circa
562 1783 654 1826 axem
673 1761 728 1826 ab
747 1775 848 1826 rotata
866 1772 994 1848 generet

164 1860 275 1926 Terrae
289 1861 431 1940 formam,
448 1885 542 1949 quam
556 1887 576 1928 a
589 1865 620 1928 si
634 1864 675 1928 ad
697 1865 721 1929 S
734 1864 852 1930 directi
867 1863 992 1928 tandem

162 1964 299 2047 recipiet,
310 1977 403 2051 atque
414 1963 485 2029 crim
496 1987 585 2051 aquae
593 1987 678 2030 nunc
686 1964 994 2050 ponanturinaequi·

161 2065 254 2129 librio
275 2067 461 2145 constitutae,
485 2089 612 2132 necesse
634 2081 681 2133 est
695 2081 730 2132 ut
744 2069 875 2133 directio
890 2068 995 2132 media

162 2175 303 2238 omnium
324 2175 586 2254 sollicitationum,
610 2177 722 2262 quibua
738 2177 869 2264 singulae
884 2176 995 2258 Terrae
1073 2261 1077 2268 Ι

162 2283 324 2367 particulae
345 2283 378 2348 in
399 2283 544 2371 supremi
559 2285 722 2370 superficie
743 2285 810 2350 sitae
832 2296 994 2372 urgentur,

165 2391 208 2454 ad
233 2392 332 2476 ipsam
359 2393 553 2478 superficiem
576 2395 616 2458 sit
638 2396 795 2460 nornralis.
840 2396 948 2471 Quare
970 2395 996 2458 si
1039 2431 1062 2477 n

163 2501 349 2584 particulam
371 2523 589 2588 quamcunque
612 2502 652 2569 M
674 2515 858 2588 spectemus,
881 2501 995 2587 capri·

163 2606 251 2671 mrim
265 2631 284 2672 a
297 2609 448 2695 gravitate
463 2608 597 2674 naturali
612 2610 644 2673 in
659 2611 829 2676 directione
845 2611 885 2677 M
902 2611 997 2675 Cur-

162 2727 254 2802 getur
270 2712 428 2792 deorsdrn,
446 2713 540 2801 idque
558 2715 598 2793 vi,
612 2738 705 2802 quam
717 2729 894 2782 constanter
906 2719 998 2802 poni-
1088 2732 1120 2780 ιι

164 2843 234 2886 mus
255 2845 287 2882 =
310 2829 348 2898 13
370 2821 487 2908 quippe
509 2844 581 2909 quae
600 2835 647 2887 est
668 2825 736 2909 ipsa
748 2826 884 2912 gravitas
899 2825 931 2887 in
946 2848 997 2888 su·
1095 2857 1101 2864 ·

162 2928 290 3014 perficio
311 2929 432 3008 Terrae,
455 2931 495 2995 ed
511 2931 595 3018 qudd
617 2932 748 2998 elevatio
762 2935 812 2998 vel
833 2934 992 3019 depressio

164 3037 326 3121 particulae
340 3037 518 3101 distantiam
533 3041 599 3122 ejus
614 3064 633 3103 a
647 3055 755 3104 centro
767 3043 887 3120 Terrae,
900 3067 919 3107 a
932 3044 993 3128 qud
1005 3044 1134 3107 variatio
1148 3015 1308 3130 gravitatis
1322 3039 1450 3126 pendet,

165 3143 350 3208 sensibiliter
370 3166 435 3208 uon
455 3145 607 3210 immutet.
662 3146 788 3212 Deinde
813 3148 889 3210 verb
912 3149 1021 3212 eadem
1042 3146 1198 3234 particula
1217 3148 1257 3213 M
1279 3171 1299 3210 a
1319 3149 1350 3211 vi
1371 3148 1404 3210 in
1428 3147 1452 3212 S

169 3253 320 3318 existente
341 3251 521 3317 sollicitatur
541 3253 659 3338 duplici
679 3255 720 3332 vi,
745 3276 876 3340 quarum
895 3253 1020 3320 alterius
1036 3255 1166 3320 directio
1187 3256 1220 3319 in
1243 3257 1343 3339 ipsam
1366 3253 1406 3318 M
1423 3253 1452 3318 C

165 3357 283 3438 incidit,
300 3357 426 3423 alterius
440 3357 515 3425 verb
529 3359 563 3422 in
580 3357 620 3423 M
631 3359 662 3422 R
676 3359 849 3424 normalem
864 3360 904 3423 ad
921 3360 1011 3426 MC.
1057 3360 1216 3437 Quocirca
1229 3361 1325 3425 trium
1340 3360 1451 3424 harum

166 3466 279 3530 virium
300 3467 434 3531 mediam
455 3467 657 3532 directionem
679 3468 816 3533 incidere
838 3482 962 3554 oportet
982 3471 1015 3534 in
1037 3483 1154 3536 rectam
1177 3471 1216 3536 M
1235 3473 1262 3536 N
1279 3472 1451 3536 normalem

167 3579 209 3643 ad
226 3579 353 3643 curvam
368 3600 387 3641 a
402 3577 442 3642 M
456 3577 488 3656 d,
504 3600 567 3664 quo
581 3579 649 3662 ipso
663 3591 776 3642 aalma
788 3577 880 3663 hujus
896 3601 1000 3644 curvae
1015 3579 1278 3646 determinabitur.

208 3693 233 3770 t.
249 3695 301 3752 83.
324 3683 469 3750 Dubium
488 3685 541 3749 hic
562 3685 706 3752 subnasci
727 3699 841 3772 posset,
865 3687 1036 3774 quodcum
1053 3688 1093 3754 ad
1113 3712 1253 3777 praesens
1274 3691 1453 3756 institutum

168 3795 305 3858 omnium
328 3793 450 3871 virium,
475 3795 588 3880 quibus
608 3794 740 3882 singulte
761 3796 923 3881 particulae
938 3798 1153 3877 sollicitantur,
1177 3801 1257 3865 ratio
1273 3801 1381 3864 haberi
1398 3801 1453 3864 de-

168 3897 250 3976 beat,
273 3895 340 3964 caru
361 3897 415 3964 htc
435 3900 639 3987 negligamus,
656 3923 726 3987 quae
740 3925 760 3966 a
774 3903 803 3965 vi
818 3900 990 3992 centrifugd
1012 3907 1116 3971 motds
1139 3908 1250 3972 Terrae
1264 3908 1369 3974 diurni
1391 3909 1453 3972 ori-

170 4017 232 4083 tur,
255 4007 369 4092 quippe
390 4029 460 4094 quae
482 4029 547 4072 non
568 4007 669 4073 solim
690 4031 754 4073 non
776 4025 823 4075 est
848 4011 968 4076 infinite
991 4035 1098 4098 parva,
1122 4015 1178 4080 sed
1203 4017 1308 4081 multis
1335 4017 1454 4082 vicibus

170 4115 278 4198 major,
302 4112 394 4198 quim
414 4115 494 4179 vires
516 4139 587 4202 quae
607 4115 658 4182 val
681 4141 700 4182 a
716 4118 789 4183 Sole
803 4118 852 4184 vel
868 4120 959 4185 Luni
975 4121 1143 4188 resultant:
1168 4125 1223 4190 sed
1238 4127 1310 4212 quia
1324 4125 1393 4192 haec
1408 4127 1454 4192 vis

171 4237 366 4291 constantem
388 4225 532 4310 producit
552 4229 708 4308 effectum,
731 4229 843 4294 Terrae
864 4231 980 4296 scilicet
999 4232 1134 4321 liguram
1155 4235 1391 4320 sphaeroidicam
1415 4238 1456 4302 ad

170 4330 260 4417 polos
283 4347 499 4413 compressam,
522 4335 737 4412 mutationem,
761 4357 832 4421 quae
852 4337 885 4398 in
905 4337 993 4401 fluxu
1008 4361 1044 4403 ac
1063 4341 1185 4405 refluxu
1199 4343 1294 4404 maris
1310 4343 1456 4408 observa·

172 4452 234 4516 tur,
261 4437 446 4503 sensibiliter
471 4439 592 4507 afficere
617 4445 736 4531 nequit.
790 4445 917 4510 Deinde
943 4449 1083 4532 quamvis
1109 4432 1164 4514 hic¹
1185 4451 1319 4537 figuram
1345 4453 1457 4517 Terrae

173 4545 358 4632 sphaericam
373 4569 536 4631 ponamus,
560 4561 663 4617 tamen
679 4553 713 4615 in
728 4554 955 4618 aberrationem
972 4556 1130 4642 praecipue
1146 4557 1185 4622 ab
1199 4558 1259 4623 hac
1275 4558 1375 4644 figura
1391 4573 1453 4626 tam

174 4677 194 4718 a
216 4653 288 4718 Sole
310 4652 403 4740 qudm
427 4653 518 4719 Lunai
543 4658 706 4724 oriundam
722 4659 925 4746 inquirimus:
950 4661 1144 4728 manifestum
1160 4677 1263 4728 autem
1279 4679 1335 4744 est,
1358 4691 1457 4754 quan-

175 4776 240 4827 tum
263 4764 364 4852 ligura
384 4787 474 4850 aquae
495 4765 537 4830 ob
552 4767 631 4832 vires
649 4768 730 4832 Solis
748 4767 888 4834 Lunaeve
910 4793 929 4833 a
951 4770 1102 4856 sphaerici
1119 4773 1252 4854 recedat,
1274 4776 1457 4840 tantundem
