3520 5884
799 393 810 426 t

74 514 79 528 '
141 543 446 623 mmmmm]
484 542 727 610 rainonis
751 541 1125 608 mnnnnmnrron.
1385 549 1425 606 29

141 715 266 802 pondus
292 717 396 782 Lunae
416 715 510 780 totius
532 717 566 778 in
587 715 697 800 majori
720 715 769 780 vel
790 715 904 778 minori
925 716 1064 780 tutione:
1089 725 1196 778 contra
1219 735 1312 799 quam
1335 735 1429 798 supra

142 839 304 890 oswinum
318 838 375 890 est·
446 863 449 871 ·

186 933 288 1000 carot
309 938 337 998 1.
368 931 456 996 Hinc
477 930 619 1015 pondera
639 954 807 1016 corporum
830 953 893 996 non
914 931 1054 1016 pendent
1075 931 1114 998 ab
1137 953 1246 996 eorum
1267 929 1375 995 formis
1397 943 1429 994 et

140 1041 285 1104 texturis.
330 1037 413 1104 Nam
428 1039 454 1102 si
477 1059 550 1102 cum
571 1037 678 1103 formis
692 1039 805 1104 variari
826 1053 962 1123 possent,
979 1037 1082 1102 forent
1095 1039 1213 1122 majore
1227 1037 1277 1100 vel
1295 1037 1427 1114 minora,

142 1171 205 1236 pro
217 1149 365 1214 verietate
378 1147 560 1226 formarum,
575 1149 609 1213 in
623 1149 737 1236 oequali
752 1149 898 1214 materiei:
915 1149 1044 1214 omnino
1058 1161 1166 1214 contra
1179 1150 1413 1234 experientiam.

187 1257 284 1322 Comi.
307 1261 340 1320 2.
370 1253 514 1338 Cbrporu
535 1254 688 1332 universa,
712 1276 783 1340 quae
805 1255 888 1320 circa
910 1253 1043 1318 Tenem
1067 1266 1148 1330 sunt,
1171 1255 1278 1340 grevia
1300 1254 1427 1318 suntin

143 1361 296 1439 Tertam3
327 1373 359 1426 et
384 1361 526 1446 pondera
546 1362 697 1440 omnium,
728 1383 798 1448 qnae
819 1360 979 1448 aequaliter
1000 1384 1019 1425 a
1040 1373 1147 1426 centro
1168 1360 1278 1424 Terrae
1300 1359 1426 1440 distant,

143 1479 215 1534 sunt
239 1478 275 1532 ut
298 1470 485 1556 quantitates
510 1469 649 1533 materioe
673 1469 707 1533 in
732 1468 851 1534 iisdem.
897 1468 981 1534 Haeo
1005 1481 1052 1532 est
1077 1468 1208 1555 qualitas
1232 1470 1373 1532 omnium
1394 1469 1428 1530 in

142 1581 253 1667 quibus
276 1582 493 1667 experimenta
512 1580 675 1644 instituere
695 1579 778 1656 lioet,
804 1592 836 1642 et
858 1590 1024 1664 propterea
1047 1600 1118 1662 per.
1131 1579 1212 1664 Reg.
1235 1587 1266 1644 8.
1293 1577 1333 1642 de
1358 1577 1427 1642 uni-

141 1687 237 1752 versis
259 1687 443 1752 affirmanda
462 1699 519 1750 est.
566 1685 601 1751 Si
622 1685 721 1750 iether
740 1699 795 1750 eut
814 1706 927 1770 corpus
941 1684 1027 1750 aliud
1041 1665 1249 1771 quodcunque
1262 1684 1311 1748 vel
1325 1684 1428 1771 greti-

141 1809 205 1862 tate
219 1797 348 1862 omnino
363 1797 591 1873 destitueretur,
614 1797 663 1861 vel
683 1818 743 1883 pro
757 1798 928 1883 quantitate
942 1797 1081 1860 materiae
1096 1817 1162 1860 suae
1176 1797 1278 1860 minus
1293 1797 1428 1884 gravita-

140 1920 206 1971 ret:
229 1911 377 1996 quoniam
391 1908 424 1972 id
440 1914 494 1994 (ex
508 1920 612 1972 mento
627 1909 815 1986 Aristotelis,
833 1908 965 1973 Curtesii
979 1919 1011 1972 et
1025 1908 1170 1988 eliorum)
1188 1929 1253 1971 non
1269 1907 1373 1972 differt
1387 1909 1428 1972 ab

140 2014 207 2079 aliis
222 2015 406 2100 corporibus
421 2015 482 2078 nisi
496 2014 529 2078 in
544 2013 642 2078 formi
657 2013 805 2090 muteriae,
822 2027 928 2099 posset
941 2013 1024 2077 idem
1039 2035 1097 2096 per
1107 2013 1309 2078 mutationem
1319 1997 1428 2078 formae
1459 2039 1461 2042 ·

139 2119 298 2206 gradatim
320 2121 522 2186 transmutari
543 2120 576 2183 in
598 2141 711 2204 corpus
733 2119 872 2206 ejusdem
893 2118 1080 2184 conditionis
1102 2139 1174 2180 oum
1198 2119 1246 2195 iis,
1279 2141 1349 2204 quse
1370 2139 1429 2203 pro

143 2227 316 2312 quantitate
338 2227 476 2290 meteriae
497 2249 591 2312 quam
613 2225 749 2292 maxime
763 2229 927 2314 gmvitent,
950 2239 982 2291 et
999 2226 1132 2290 vicissim
1147 2245 1280 2310 corpore
1294 2227 1429 2290 maxime

137 2334 262 2421 grevia,
285 2332 419 2398 formam
440 2333 523 2400 illius
543 2335 698 2422 gradatim
720 2335 888 2412 induendo,
910 2347 1037 2419 possent
1057 2335 1241 2421 gravitatem
1256 2357 1344 2399 suam
1357 2357 1430 2421 gra-

138 2443 238 2508 detinr
253 2443 405 2508 amittere.
450 2445 499 2508 Ao
512 2443 645 2528 proinde
660 2446 802 2534 pondera
814 2446 986 2530 penderent
1001 2467 1019 2510 a
1034 2444 1140 2510 formis
1155 2467 1333 2530 corporum,
1356 2469 1429 2530 pos-

139 2561 271 2636 sentque
296 2571 369 2614 cum
394 2549 501 2616 formis
524 2551 648 2631 variari,
676 2563 786 2618 contra
810 2577 903 2642 quem
929 2555 1096 2640 probatum
1119 2567 1166 2619 est
1193 2555 1227 2618 in
1254 2555 1430 2620 Corollario

140 2678 312 2742 superiore.

185 2767 284 2832 Corui.
301 2776 331 2831 8.
356 2767 464 2852 Spatia
477 2768 583 2832 omnia
597 2791 662 2834 non
677 2781 751 2834 sunt
764 2771 925 2858 aequaliter
938 2770 1040 2856 plena.
1079 2765 1163 2836 Nam
1173 2773 1200 2838 si
1214 2774 1314 2859 spatia
1323 2773 1429 2838 omniu

139 2872 299 2958 aequuliter
312 2872 406 2956 plena
419 2885 531 2952 essent,
547 2875 682 2962 gravitm
697 2876 844 2961 specifica
857 2875 945 2940 fluidi
960 2897 1022 2963 quo
1038 2879 1126 2964 regio
1136 2880 1218 2944 u'e'ris
1232 2880 1425 2965 impleretur,

140 2981 183 3044 ob
205 2999 358 3044 summam
380 2979 565 3044 densitatem
585 2982 734 3060 materiae,
757 2983 803 3046 nil
824 2982 948 3047 cederet
969 2984 1112 3069 gravitati
1132 2985 1286 3069 specificae
1308 2988 1428 3074 argenti

139 3086 215 3165 vivi,
230 3087 280 3150 vel
300 3087 378 3166 euri,
401 3088 452 3152 vel
473 3090 615 3172 corporis
630 3089 757 3154 ulterius
772 3090 983 3176 cujuscunque
997 3087 1188 3167 densissimi3
1211 3103 1243 3156 et
1263 3107 1430 3177 propterea

142 3215 205 3258 neo
226 3216 335 3258 aurum
356 3218 457 3284 neque
479 3196 565 3262 aliud
587 3198 797 3284 quodcunque
819 3221 932 3284 corpus
954 3197 987 3260 in
1009 3201 1080 3286 e'e'te
1103 3199 1291 3264 descendere
1314 3217 1428 3284 posset.

142 3299 228 3366 Num
243 3322 374 3386 oorpora
390 3303 427 3366 in
447 3303 562 3382 fluidis,
584 3283 810 3390 nisi'specifioe
831 3304 974 3392 graviora
989 3303 1059 3382 sint,
1082 3304 1209 3368 minime
1224 3305 1426 3372 desoeudunt.

140 3409 241 3486 Quod
260 3411 286 3475 si
309 3414 463 3498 quantitas
479 3414 618 3479 materiae
639 3415 673 3478 iu
688 3416 789 3500 spatio
803 3415 877 3482 dato
891 3437 947 3500 per
962 3414 1196 3480 rurefuctionem
1211 3437 1428 3506 quamcunque

141 3514 274 3582 diminui
287 3519 396 3602 possit,
412 3519 522 3606 quidni
536 3521 668 3587 diminui
682 3523 781 3606 possit
794 3523 827 3588 in
841 3518 1021 3588 infinitum?

74 3633 85 3646 '
185 3625 285 3690 Corol.
301 3633 332 3689 4.
359 3625 394 3690 Si
415 3647 522 3693 omnes
544 3628 684 3716 omnium
707 3649 874 3714 oorporum
895 3627 1057 3714 particulae
1078 3627 1186 3694 solidae
1208 3631 1269 3695 sint
1288 3633 1426 3718 ejusdem

139 3730 310 3808 densitatis,
327 3753 429 3820 neque
444 3735 511 3800 sine
524 3737 610 3820 poris
625 3735 764 3800 rerefieri
778 3737 907 3822 possint,
930 3737 966 3820 (⁸)
982 3759 1114 3801 vanuum
1130 3737 1231 3801 datur.
1276 3739 1426 3824 Ejusdem

139 3835 299 3904 densitatis
314 3861 381 3906 esse
396 3839 477 3918 dico,
494 3843 532 3925 (⁸)
548 3864 680 3927 quarum
693 3843 775 3910 vires
789 3843 909 3909 inertiae
924 3856 997 3909 sunt
1011 3857 1045 3909 ut
1058 3845 1297 3933 magnitudines.

186 3946 285 4008 Corui.
301 3954 330 4010 5.
354 3945 394 4031 (¹³)
410 3947 468 4010 Vis
490 3949 650 4034 gravitatis
672 3949 786 4014 diversi
807 3960 855 4016 est
874 3951 997 4038 generis
1019 3970 1037 4014 a
1058 3952 1089 4014 vi
1110 3951 1293 4040 magnetiod.
1343 3951 1425 4018 Num

140 4057 283 4120 attreotio
303 4059 477 4146 magnetius
496 4081 562 4123 non
583 4072 679 4126 estut
696 4063 830 4127 materie
852 4075 991 4126 otneota.
1038 4061 1180 4148 Corpore
1201 4063 1305 4148 alique
1323 4064 1423 4152 ωερε

188 4239 200 4263 Ι
676 4244 683 4256 ·
1015 4240 1022 4254 ⁶
1091 4243 1096 4254 ·
1179 4244 1186 4257 .

139 4239 768 4372 nidfflssaffiiifflffiffli
798 4244 989 4370 itm
998 4243 1424 4371 tud-nttddttnt

135 4369 187 4432 jam
199 4366 305 4416 diximus
320 4367 384 4432 (Lib.
399 4369 435 4418 ΙΙ.
449 4383 516 4418 num·
531 4371 596 4434 187).
799 4371 1146 4433 ammanuensium
1171 4371 1209 4420 Ex
1220 4371 1335 4433 descripti
1345 4390 1359 4421 ι
1370 4373 1422 4422 dili·

170 4429 208 4496 (¹)
222 4437 235 4463 ¹
251 4433 360 4486 Quum
369 4435 427 4481 obet
442 4435 538 4484 menia
575 4434 639 4484 cnm
655 4436 719 4483 enim
735 4435 770 4483 ris
800 4436 935 4500 gentissiroo
956 4437 1005 4484 viro
1030 4437 1240 4497 experimentorum
1262 4438 1320 4485 serie
1346 4439 1423 4498 palent

140 4495 231 4572 inerti!
248 4495 279 4570 sit
295 4495 417 4557 nuntiati
432 4499 535 4546 maerin
550 4499 733 4562 proportionalis,
750 4501 769 4547 ti
800 4499 894 4562 quidem
910 4497 937 4548 it
953 4499 1064 4563 equdem
1080 4514 1128 4547 non
1139 4513 1188 4548 esee
1199 4499 1312 4561 magnetis
1326 4501 1351 4548 in
1362 4503 1425 4550 veria

140 4569 301 4608 minem
309 4562 587 4624 suntmnagnituoinss.
595 4563 770 4628 magnitudines
800 4565 1424 4626 mrpomaetionem,eamquetsmpestatumvieiesitn-

141 4633 197 4672 arnt
207 4634 235 4672 ut
244 4621 388 4687 quendum
402 4625 513 4684 mucia,
529 4628 573 4676 hoe
583 4636 626 4686 ert,
642 4637 698 4676 uuirt
708 4627 769 4690 ejus-
801 4627 895 4676 dinibus
904 4628 1036 4686 somniem,
1045 4638 1070 4675 et
1079 4625 1319 4678 modosemittiroodd
1327 4630 1424 4678 intendi.

141 4687 195 4736 dn
205 4687 334 4736 deunitatis·
804 4691 839 4740 At
856 4691 904 4739 vim
923 4692 1079 4754 nogentum
1095 4691 1121 4738 in
1139 4691 1227 4738 ratione
1243 4692 1320 4740 muitd
1338 4693 1424 4742 minori

174 4751 230 4815 (⁶)⁸
246 4753 505 4814 Virmvitott'tdiuni
514 4757 653 4816 agam.
677 4755 770 4808 curin
800 4754 872 4820 quim
887 4753 1001 4818 triplicati
1016 4755 1177 4808 distantiarum
1186 4755 1325 4816 demicus,
1341 4758 1423 4806 tudun

177 4836 236 4886 Vos.
252 4837 304 4887 111.
787 4841 810 4888 E
