3516 5870
329 495 400 600 saa
577 529 844 609 mamalum
865 525 1070 596 rursrcn
1094 524 1146 590 ru
1168 521 1363 590 causam

327 725 414 774 mare
422 708 489 792 jam
502 706 664 791 deprimit3
687 727 758 792 quae
772 703 937 768 diminutio
950 699 1022 766 edm
1037 698 1132 764 dmet
1147 697 1212 763 ferd
1227 717 1326 784 usque
1338 694 1381 760 nd
1393 691 1622 782 quadrm

328 837 455 882 necesse
479 827 527 880 est
550 814 658 880 uthis
681 814 873 900 temporibus
897 813 1002 876 fluxius
1026 807 1127 874 multo
1152 807 1337 894 citids'post
1357 804 1622 872 cuhmsdonem

330 923 431 988 Lunae
452 933 630 1008 sequantur,
653 921 832 1006 riribmqne
851 916 1085 982 sollicitantibus
1105 917 1204 1004 magis
1226 915 1453 1000 obtemperent,
1479 913 1528 976 uti
1549 911 1620 975 boc

328 1030 426 1097 iirsids
440 1037 463 1114 t.
479 1039 531 1096 91.
554 1029 784 1115 explicavimus,
806 1029 892 1094 unde
912 1040 1035 1113 tempus
1049 1027 1264 1092 mtardationis
1281 1027 1316 1090 in
1329 1023 1527 1112 qnadramris
1541 1033 1617 1086 tan-

329 1139 588 1204 tumeritt-t.
633 1128 1614 1221 PostquedmtnraaautamSolexeritcontrariume'll'ectnnr,
1726 1123 1727 1132 ’

329 1260 422 1334 atque
436 1236 604 1311 adventum
616 1243 721 1310 fluxus
735 1241 884 1310 continuit
897 1243 997 1328 magis
1012 1243 1160 1319 retardet,
1182 1241 1277 1328 idque
1290 1239 1403 1328 equali
1414 1237 1523 1315 modo,
1546 1257 1615 1322 quo

330 1355 402 1419 ante
428 1353 660 1431 acceleraverat,
686 1373 728 1416 ex
751 1355 814 1438 qn'o
838 1372 938 1437 usque
962 1349 1004 1415 ad
1028 1362 1210 1436 sequacem
1232 1348 1388 1436 syzygiam
1412 1344 1614 1410 intervallum

331 1469 430 1529 t-t
450 1463 563 1526 iterum
584 1460 625 1525 ad
638 1472 653 1524 t
666 1481 764 1546 nsque
778 1459 952 1547 angelr'anr.
996 1457 1166 1545 Hujnsqne
1179 1457 1387 1542 pbmnomeni'
1400 1455 1496 1520 solius
1509 1454 1613 1538 expli-

331 1571 412 1636 catio
437 1570 576 1634 sufficere
595 1580 703 1653 posset
722 1567 938 1632 adraitatam
956 1566 1088 1631 theorioe
1109 1578 1226 1630 nostre
1247 1563 1459 1641 evincendam,
1481 1561 1554 1626 edm
1575 1563 1612 1626 id

331 1679 474 1742 omnibus
496 1677 563 1742 aliis
584 1676 712 1740 theoriis
733 1675 890 1760 explicem
905 1677 946 1739 sit
965 1675 1194 1760 insuperabile3
1218 1695 1321 1760 neque
1334 1696 1355 1737 a
1367 1672 1491 1736 nemine
1504 1671 1611 1736 adhue·

331 1785 440 1849 saltem
453 1783 624 1868 probabilia
638 1785 704 1870 ejus
718 1801 813 1848 cansa
827 1782 867 1847 ait
880 1782 1046 1869 assignata.

235 1878 241 1896 '
374 1897 397 1973 t.
426 1899 497 1958 107.
535 1889 691 1956 Octavum
727 1889 957 1974 phrauomenon
991 1901 1134 1974 petamus
1163 1910 1205 1954 ex
1238 1887 1611 1982 inequalitateqdnornm

330 1997 473 2062 fluxuum
502 2017 569 2062 sese
588 1996 773 2062 immediate
800 1996 1039 2082 insequentium,
1066 2017 1200 2082 qnorum
1216 1995 1307 2060 'alter
1334 1995 1477 2059 uandnd
1505 1995 1607 2060 Lunae

330 2106 483 2191 superiori
511 2127 568 2191 per
596 2105 802 2172 meridianum
828 2107 1008 2192 respondet,
1034 2106 1112 2170 alter
1140 2103 1289 2184 inferiori,
1319 2124 1391 2192 quta
1418 2106 1608 2193 inaequslitas

261 2285 264 2292 ⁴
330 2212 465 2278 maxima
487 2213 668 2278 observatur
688 2215 722 2278 in
741 2215 920 2300 regionibns
940 2214 981 2278 ab
1002 2195 1161 2300 aequm
1180 2213 1314 2278 multum
1332 2215 1469 2292 muntia
1491 2227 1610 2278 aenum

331 2317 403 2384 crim
430 2318 531 2384 Luam
556 2319 724 2384 declinatio
745 2332 793 2385 est
815 2320 961 2386 maxima.
1005 2320 1144 2385 Theoria
1168 2319 1295 2406 quidem
1317 2319 1455 2386 decimat
1475 2321 1609 2400 Lunam,

330 2431 451 2496 etiamsi
475 2431 507 2495 in
533 2432 603 2518 ipso
627 2443 786 2520 oeqnatore
809 2445 968 2510 versetur,
982 2443 1088 2497 tamen
1109 2432 1221 2516 majori
1244 2431 1276 2496 vi
1301 2430 1440 2519 gaudem
1460 2430 1510 2496 ad·
1524 2453 1610 2497 mare

330 2537 530 2617 movendum,
555 2539 682 2625 quando
706 2561 801 2625 super
829 2539 991 2605 horizonte
1014 2538 1222 2604 meridianum
1247 2537 1380 2625 attingit,
1411 2535 1505 2624 quim
1530 2537 1610 2600 iufra

330 2645 542 2723 horizontem
563 2657 597 2710 et
611 2645 778 2712 deorumn
792 2647 851 2712 sub
866 2657 1023 2734 aequstore
1036 2658 1101 2712 tam
1114 2657 1162 2712 est
1172 2645 1329 2734 exiguum,
1341 2646 1444 2711 utrix
1456 2645 1491 2708 in
1503 2665 1611 2740 amaus

331 2775 496 2821 occurrere
517 2769 619 2842 queat,
641 2758 799 2845 integrum
819 2759 903 2822 euim
925 2758 1058 2844 digitum
1078 2779 1144 2821 non
1165 2756 1290 2843 attingit
1310 2761 1347 2841 (t.
1362 2756 1430 2837 41.)
1441 2779 1452 2833 ς
1472 2769 1562 2842 atque
1574 2757 1608 2817 in

268 2947 279 2959 μ
330 2860 511 2947 regionibus
526 2863 566 2926 ab
581 2875 738 2947 aequatore
752 2865 879 2927 remotis
894 2863 932 2927 fit
945 2863 1046 2928 multo
1056 2865 1169 2928 mirrus.
1213 2864 1300 2928 Vera
1312 2863 1406 2950 igitur
1419 2863 1508 2948 huju
1520 2861 1606 2946 pse-

330 2969 457 3032 nomeni
481 2969 560 3034 ratio
583 2971 617 3032 in
641 2969 804 3035 altitudine
825 2971 928 3036 Lunae
949 2970 1121 3036 meridiani
1143 2993 1198 3036 seu
1221 2970 1368 3037 distantia
1389 2970 1430 3036 ab
1450 2970 1608 3035 horizonte

335 3078 531 3155 conthretur3
551 3077 626 3142 hinc
647 3079 731 3142 enim
752 3079 892 3167 sequitur
912 3084 977 3167 qud
998 3081 1097 3167 major
1110 3079 1205 3146 lirant
1217 3079 1390 3146 dfferennt
1404 3080 1486 3144 inter
1498 3079 1612 3143 distan-

245 3268 249 3278 .
330 3189 389 3252 tias
403 3188 505 3252 Lunoe
519 3187 559 3252 ab
573 3187 745 3267 horizonte,
760 3189 837 3254 dum
851 3209 909 3276 per
922 3189 1128 3254 meridianum
1143 3190 1254 3254 transit
1267 3201 1334 3254 tum
1345 3210 1439 3276 super
1451 3188 1612 3252 horizonte

331 3292 397 3359 tum
413 3295 471 3360 sub
484 3295 657 3373 horizonte,
669 3293 707 3360 ed
721 3297 872 3381 majorem
887 3317 953 3362 esse
968 3297 1082 3362 debere
1096 3296 1301 3362 differentiam
1314 3296 1397 3360 inter
1410 3295 1499 3360 binos
1509 3295 1612 3358 fluxus

333 3404 531 3480 successivos,
556 3425 596 3468 ex
617 3424 680 3490 quo
701 3406 901 3491 perspicuum
916 3417 963 3469 est
983 3404 1074 3470 istam
1088 3404 1294 3469 differentiam
1307 3402 1414 3469 versus
1434 3402 1524 3488 polos
1538 3423 1613 3466 oon-
1726 3443 1727 3482 3

206 3561 210 3566 .
332 3508 711 3589 tinudcresceredebere,
733 3511 907 3597 siquidem
930 3512 1024 3584 Luna
1043 3511 1157 3575 habeat
1177 3511 1423 3575 declinationem.
1468 3507 1612 3585 Quodsi

333 3635 408 3700 ergo
423 3615 515 3680 Luna
536 3615 680 3682 habuerit
693 3619 934 3684 declinationem
955 3619 1123 3696 borealem,
1147 3629 1214 3684 tum
1234 3619 1268 3682 in
1289 3618 1468 3706 regionibus
1490 3629 1610 3702 septen·

332 3719 514 3784 trionalibua
528 3721 634 3787 fluxus
649 3725 708 3788 erit
722 3726 822 3810 major
837 3725 891 3811 qui
905 3726 1067 3790 transitum
1090 3725 1190 3790 Lunae
1204 3747 1261 3811 per
1273 3725 1481 3790 meridianum
1494 3724 1609 3808 superi·-

332 3847 418 3890 orem
433 3829 582 3915 sequitur,
599 3831 677 3895 alter
691 3831 766 3896 verb
781 3853 924 3918 sequens,
936 3835 989 3920 qui
1004 3833 1147 3898 transitui
1161 3833 1299 3898 inferiori
1313 3835 1490 3920 respondet,
1501 3835 1610 3898 minor.

334 3937 453 4003 Contrd
476 3953 579 4005 autem
604 3943 631 4006 si
657 3943 760 4006 Lunae
783 3943 950 4009 declinatio
974 3945 1067 4009 fuerit
1091 3945 1244 4024 ausnalis,
1274 3945 1418 4031 appulsui
1444 3946 1545 4010 Lunae
1570 3945 1611 4008 ad
1726 4009 1727 4012 ,

331 4047 538 4111 meridianum
553 4050 705 4132 superiori
726 4051 830 4116 fluxus
845 4051 990 4116 succedet
1004 4051 1116 4131 minor,
1139 4051 1276 4116 inferiori
1290 4051 1365 4116 verd
1379 4053 1495 4138 major;
1516 4051 1610 4114 hanc-

332 4175 393 4239 que
408 4153 613 4218 differentiam
627 4155 834 4222 Flamstedius
848 4159 1024 4224 observavit
1038 4159 1211 4247 diligenter,
1224 4159 1405 4246 nullumque
1416 4173 1463 4224 est
1473 4159 1609 4235 dubium,
1726 4165 1727 4170 ’

332 4260 408 4343 quin
438 4283 475 4324 ea
502 4283 560 4346 per
589 4263 815 4348 copiosissimas
843 4266 1083 4345 observationes,
1110 4289 1187 4355 quas
1216 4258 1387 4332 Academia
1415 4265 1613 4330 celeberrima
1726 4333 1727 4366 1

334 4364 436 4452 Regia
462 4367 603 4434 Parisina
627 4371 765 4459 collegit,
791 4373 919 4438 omnino
946 4374 1156 4440 confirmetur.
1208 4373 1248 4438 In
1272 4374 1335 4448 hoc
1359 4387 1463 4440 autem
1487 4375 1613 4462 negotio
1726 4371 1727 4400 ¹

332 4475 453 4541 indoles
474 4481 617 4545 fluxuum
636 4482 736 4567 probe
760 4497 808 4548 est
831 4485 1034 4569 inspicienda,
1059 4487 1207 4571 quoniam
1229 4485 1384 4574 aliquibus
1406 4488 1440 4550 in
1463 4485 1613 4570 portubus

333 4595 496 4667 tantopere
517 4591 723 4670 retardantur,
746 4605 782 4657 ut
803 4595 1001 4679 sequentibus
1025 4595 1125 4660 Lunae
1144 4597 1323 4661 transitibus
1337 4617 1395 4682 per
1408 4595 1614 4660 meridianum
1726 4585 1727 4594 ’

334 4694 396 4757 sint
420 4698 592 4779 propiores,
616 4700 709 4787 quim
734 4701 789 4780 illi,
817 4704 867 4766 cui
893 4725 981 4767 suam
1002 4702 1156 4791 originem
1182 4705 1313 4782 debent;
1344 4707 1388 4769 ita
1409 4705 1615 4789 Dunlrerquae
