3516 5870
354 497 416 554 sla
606 487 872 567 INQUISITIO
896 489 1099 558 PHYSICA
1123 491 1175 557 IN
1197 489 1392 560 CAUSAM

351 661 391 724 ab
412 659 449 724 iis
464 662 517 746 qui
533 661 620 747 sequi
634 662 786 734 deberent
794 687 803 740 ;
826 685 946 750 exque
961 664 1160 730 manifestum
1174 677 1300 732 estnon
1315 665 1384 730 illos
1398 677 1504 743 aestus,
1528 666 1586 752 qui
1610 667 1652 729 in

350 770 425 854 ipsis
447 769 579 857 syzygiis
602 770 801 836 luminarium
824 774 1019 859 contingunt,
1042 795 1110 836 esse
1132 775 1295 851 maximos,
1319 774 1374 838 sed
1389 786 1557 859 sequentes
1573 797 1652 838 esse

351 881 492 964 majores.
539 880 677 968 Hocque
690 881 774 946 idem
788 881 1026 970 intelligendum
1040 895 1088 946 est
1098 882 1138 947 de
1153 884 1280 948 aestibus
1295 882 1439 961 mininris,
1456 884 1510 968 qui
1525 905 1593 946 non
1609 883 1649 946 in

331 988 432 1072 ‚ipsas
454 989 657 1074 quadraturas
679 991 832 1070 incidunt,
855 991 911 1056 sed
926 990 1045 1056 tardius
1061 1005 1248 1078 sequuntur:
1271 991 1356 1056 unde
1370 991 1450 1054 ratio
1464 991 1647 1056 luculenter

349 1099 546 1183 perspicitur,
570 1122 627 1164 cur
640 1112 734 1164 aestus
749 1100 814 1165 tam
829 1102 958 1166 maximi
978 1100 1072 1187 quam
1086 1103 1207 1166 minimi
1221 1123 1285 1166 non
1307 1103 1382 1186 ipsis
1397 1102 1598 1189 syzygiarum
1613 1115 1648 1167 et

350 1208 609 1294 quadraturarum
631 1209 874 1294 tempestatibus*
888 1210 1106 1294 respondeant,
1130 1212 1185 1276 aed
1205 1209 1304 1276 serius
1318 1209 1532 1286 observentur,
1556 1211 1647 1275 tertii

350 1317 469 1382 scilicet
483 1315 610 1384 demum
626 1316 675 1382 vel
689 1318 789 1401 quarti
805 1330 877 1402 post
890 1317 959 1382 hoec
973 1329 1123 1404 tempora.

911 1593 1075 1616 ΜᾺἈἈ

742 1799 917 1877 CAPUT
944 1801 1231 1877 SEPTIMUM.

364 1999 367 2010 ’
401 1999 596 2095 Erplicotio
607 2001 864 2095 prcecr'puorum
882 2001 1188 2072 Plroenom'enornm
1203 1999 1297 2072 circa
1314 2001 1456 2072 AEstum
1472 2001 1598 2073 Meris

856 2123 1122 2193 observatorum.

347 2318 371 2395 l.
388 2323 441 2380 98.
470 2285 523 2380 In
549 2313 798 2398 praecedentibus
827 2313 989 2400 Capitibus
1014 2311 1111 2378 fusilis
1137 2315 1339 2399 exposuimus
1363 2313 1502 2392 effectus,
1529 2313 1585 2398 qui
1609 2313 1641 2374 in
1680 2307 1684 2314 ’

347 2422 426 2485 mari
451 2445 471 2486 a
496 2421 613 2484 viribus
638 2419 699 2484 illis
725 2420 856 2497 duabus,
881 2443 1014 2506 quarum
1038 2421 1135 2485 altera
1158 2419 1266 2485 versds
1290 2421 1414 2485 Lunam
1438 2433 1486 2484 est
1508 2419 1638 2494 directa,

307 2549 313 2564 ·
347 2532 445 2596 altera
468 2529 572 2596 versrls
596 2529 713 2607 Solem,
735 2529 868 2614 produci
889 2529 1006 2594 debent
1015 2553 1024 2605 ;
1047 2551 1162 2616 eosque
1177 2526 1250 2593 crim
1267 2549 1324 2614 per
1337 2528 1492 2592 calculum
1507 2527 1639 2611 analyti-

347 2659 429 2714 cum,
446 2636 513 2702 trlm
528 2659 584 2723 per
600 2635 700 2700 solida
714 2636 876 2700 ratiocinia
890 2637 934 2699 ita
948 2636 1230 2712 determinavimus,
1246 2647 1282 2698 ut
1296 2635 1337 2698 de
1351 2655 1459 2698 eorum
1474 2633 1640 2698 exarenm

347 2743 484 2806 dubitari
505 2744 634 2808 omnino
656 2765 721 2806 non
742 2742 844 2819 liceat,
867 2743 894 2805 si
915 2742 1042 2827 quidem
1063 2742 1126 2804 illae
1147 2743 1227 2806 vires
1246 2721 1466 2806 admittantur..
1503 2742 1551 2804 At
1565 2739 1638 2804 verri

347 2848 421 2912 istas
436 2851 517 2912 vires
533 2850 565 2912 in
579 2849 700 2914 mundo
711 2851 845 2914 existere
856 2871 919 2913 non
932 2851 1032 2914 solum
1046 2872 1104 2934 per
1115 2849 1175 2914 alia
1189 2850 1398 2934 phaenomena
1409 2850 1639 2914 evidentissime
1722 2894 1723 2911 i

346 2957 558 3042 probavimus,
581 2959 636 3023 sed
659 2960 752 3024 etiam
774 2981 881 3024 earum
903 2981 1028 3024 causam
1049 2958 1209 3046 physicam
1230 2961 1464 3048 assignavimus,
1487 2983 1582 3046 quam
1601 2962 1636 3023 in

348 3069 428 3133 binis
444 3069 622 3150 vorticibus,
646 3093 780 3158 quorum
794 3069 873 3136 alter
887 3071 971 3136 circa
987 3069 1102 3147 Solem,
1119 3070 1198 3134 alter
1211 3070 1293 3134 circa
1309 3071 1434 3134 Lunam
1455 3071 1496 3132 sit
1520 3069 1636 3134 consti·

346 3195 441 3259 tutus,
464 3185 635 3266 posuimus,
660 3183 777 3268 quippe
799 3207 870 3269 qum
892 3197 938 3247 est
960 3183 1052 3248 unica
1074 3180 1240 3245 retiacum
1261 3182 1445 3268 gravium
1459 3179 1528 3244 trlm
1543 3181 1634 3244 etiarn

348 3288 439 3364 vires,
464 3289 577 3374 quibus
598 3288 734 3372 planetae
750 3289 782 3351 in
798 3290 860 3353 suis
875 3289 984 3352 orbitis
999 3289 1081 3352 circa
1097 3289 1202 3352 Solem
1217 3289 1425 3365 continentur,
1449 3288 1636 3372 explicandi.
1718 3361 1721 3372 ⁴

347 3393 434 3468 Quin
449 3395 542 3458 etiam
556 3394 625 3458 haec
640 3395 708 3478 ipsa
721 3393 929 3477 phaenomena
950 3394 1103 3457 internam
1119 3395 1274 3458 vorticum
1289 3409 1477 3458 structuram
1492 3408 1525 3458 et
1546 3395 1635 3458 indo·

346 3500 408 3564 lem
424 3515 725 3576 commonstrarunt3
749 3501 790 3564 ob
806 3523 903 3587 eaque
918 3501 1051 3565 vortices
1065 3501 1109 3564 ita
1124 3513 1320 3586 comparatos
1331 3523 1400 3565 esse
1415 3502 1589 3578 statuimus,
1602 3513 1634 3564 ut

347 3611 428 3676 vires
450 3613 633 3700 centrifugae
657 3613 839 3675 decrescant
862 3611 894 3672 in
919 3609 1077 3694 duplicata
1101 3611 1221 3674 ratione
1244 3608 1460 3674 distantiarum
1481 3633 1501 3672 s
1521 3609 1637 3672 centris

347 3721 539 3786 eorumdem.
585 3722 694 3798 Quare
719 3719 789 3784 ciun
816 3721 849 3784 in
875 3721 924 3784 his
944 3723 1061 3786 viribus
1082 3721 1160 3784 nihil
1185 3719 1323 3809 gratuiti>
1342 3720 1585 3794 assumserimus,
1612 3719 1638 3780 si

346 3828 473 3893 effectus
489 3851 529 3892 err
543 3829 580 3892 iis
595 3827 720 3891 oriundi
731 3849 803 3890 cum
818 3827 1035 3913 phaenomenis
1048 3829 1141 3893 aestds
1152 3829 1247 3892 maris
1259 3829 1455 3905 conveniant,
1466 3824 1636 3891 certissime

346 3935 639 4019 nobispersuadere
652 3933 832 4017 poterimus,
857 3936 889 3998 in
909 3935 1072 4022 assignatis
1088 3935 1206 3999 viribus
1220 3957 1326 3999 veram
1341 3933 1437 3998 oestr'ls
1452 3933 1547 3996 maris
1562 3954 1635 3995 cau-

347 4063 413 4106 sam
435 4040 604 4116 contineri3
626 4041 841 4128 absonumque
862 4041 992 4105 omninb
1013 4041 1090 4119 fore,
1113 4043 1140 4105 si
1161 4063 1287 4106 causam
1302 4039 1396 4104 aestds
1411 4039 1505 4103 maris
1518 4039 1553 4101 in
1567 4039 1634 4102 aliis

282 4179 284 4184 ·
346 4151 461 4215 viribus
476 4149 666 4236 imaginariis
681 4149 845 4236 anquirere
866 4150 1025 4214 vellemus.
1072 4149 1286 4226 Quamobrem
1304 4147 1337 4210 in
1351 4147 1414 4210 hoc
1430 4147 1544 4230 Cupite
1558 4167 1632 4210 con·

346 4261 501 4324 stituimus
516 4281 623 4324 omnes
639 4257 776 4336 effectus,
793 4259 844 4344 qui
861 4257 894 4320 in
909 4257 1121 4343 superioribus
1132 4257 1296 4341 Capitibus
1310 4256 1441 4341 sparsim
1455 4265 1530 4318 sunt
1545 4254 1633 4330 eruti,

347 4369 535 4453 conjunctim
551 4380 583 4432 et
597 4367 707 4432 ordine
726 4389 913 4452 proponere,
938 4388 1155 4453 summumque
1169 4387 1279 4430 eorum
1293 4385 1480 4430 consensum
1495 4385 1568 4429 cum
1584 4385 1635 4428 cx·

347 4475 497 4556 parientia
512 4475 680 4540 declarare.
725 4476 883 4552 Quoniam
901 4487 1004 4540 autem
1019 4461 1159 4540 nondum
1174 4475 1469 4560 impedimentorum
1485 4499 1504 4538 a
1524 4473 1635 4538 littori-

348 4578 407 4643 bus
420 4583 590 4671 Terrisque
605 4585 808 4649 oriundorum
824 4585 974 4648 rationem
990 4585 1165 4661 habuimus,
1178 4583 1267 4648 facile
1283 4584 1475 4670 intelligitur,
1492 4583 1567 4646 hinc
1582 4605 1638 4646 ex-

349 4687 433 4752 cludi
450 4691 552 4756 udhuc
568 4693 683 4757 debere
697 4693 849 4779 ejusmodi
871 4693 1040 4756 anomaliae
1055 4692 1149 4757 aestlrs
1164 4696 1269 4771 maris,
1285 4715 1356 4780 quoe
1371 4693 1604 4759 evidentissime
1619 4715 1639 4756 a

349 4797 458 4862 'l'erris
474 4802 724 4887 contingentibus
739 4817 841 4868 ortum
857 4801 1001 4879 habeant,
1018 4804 1191 4888 cujusmodi
1207 4821 1280 4870 sunt
1293 4821 1388 4870 aestus
1403 4805 1453 4868 vel
1467 4805 1639 4868 vehemen-
