<?xml version="1.0" encoding="UTF-8"?>
<!DOCTYPE html PUBLIC "-//W3C//DTD XHTML 1.0 Transitional//EN"
    "http://www.w3.org/TR/xhtml1/DTD/xhtml1-transitional.dtd">
<html xmlns="http://www.w3.org/1999/xhtml" xml:lang="en" lang="en">
 <head>
  <title>
</title>
<meta http-equiv="Content-Type" content="text/html;charset=utf-8" />
  <meta name='ocr-system' content='tesseract 3.04.00' />
  <meta name='ocr-capabilities' content='ocr_page ocr_carea ocr_par ocr_line ocrx_word'/>
</head>
<body>
  <div class='ocr_page' id='page_1' title='image "./philosophinatur03wriggoog_0139.png"; bbox 0 0 3572 5878; ppageno 0'>
   <div class='ocr_carea' id='block_1_1' title="bbox 321 453 1602 584">
    <p class='ocr_par' dir='ltr' id='par_1_1' title="bbox 321 453 1602 584">
     <span class='ocr_line' id='line_1_1' title="bbox 321 453 1602 584; baseline -0.008 -22"><span class='ocrx_word' id='word_1_1' title='bbox 321 505 363 563; x_wconf 82' lang='grc'><strong>44</strong></span> <span class='ocrx_word' id='word_1_2' title='bbox 619 453 1254 584; x_wconf 74' lang='lat' dir='ltr'><strong>rmuosoarnmunn&#39;uunma</strong></span> <span class='ocrx_word' id='word_1_3' title='bbox 1286 487 1494 570; x_wconf 73' lang='grc'><strong>[4444444</strong></span> <span class='ocrx_word' id='word_1_4' title='bbox 1507 489 1602 556; x_wconf 62' lang='lat' dir='ltr'><strong>sxta.</strong></span> 
     </span>
    </p>
   </div>
   <div class='ocr_carea' id='block_1_2' title="bbox 525 751 1403 821">
    <p class='ocr_par' dir='ltr' id='par_1_2' title="bbox 525 751 1403 821">
     <span class='ocr_line' id='line_1_2' title="bbox 525 751 1403 821; baseline 0.001 -3"><span class='ocrx_word' id='word_1_5' title='bbox 525 751 810 820; x_wconf 87' lang='lat' dir='ltr'><strong>PROPOSITIO</strong></span> <span class='ocrx_word' id='word_1_6' title='bbox 831 752 963 818; x_wconf 87' lang='lat' dir='ltr'>XXIV.</span> <span class='ocrx_word' id='word_1_7' title='bbox 1008 751 1280 821; x_wconf 83' lang='lat' dir='ltr'>THEOREMA</span> <span class='ocrx_word' id='word_1_8' title='bbox 1302 752 1403 819; x_wconf 88' lang='lat' dir='ltr'><strong>XIX.</strong></span> 
     </span>
    </p>
   </div>
   <div class='ocr_carea' id='block_1_3' title="bbox 452 935 1475 1026">
    <p class='ocr_par' dir='ltr' id='par_1_3' title="bbox 452 935 1475 1026">
     <span class='ocr_line' id='line_1_3' title="bbox 452 935 1475 1026; baseline -0.001 -23"><span class='ocrx_word' id='word_1_9' title='bbox 452 939 580 1003; x_wconf 62' lang='lat' dir='ltr'><strong>tranum</strong></span> <span class='ocrx_word' id='word_1_10' title='bbox 595 947 624 1001; x_wconf 87' lang='lat' dir='ltr'><strong>et</strong></span> <span class='ocrx_word' id='word_1_11' title='bbox 637 938 781 1026; x_wconf 73' lang='lat' dir='ltr'><strong>testatum</strong></span> <span class='ocrx_word' id='word_1_12' title='bbox 795 937 941 1004; x_wconf 70' lang='grc'><strong>44441441</strong></span> <span class='ocrx_word' id='word_1_13' title='bbox 955 935 1121 1002; x_wconf 77' lang='lat' dir='ltr'><em>actionibus</em></span> <span class='ocrx_word' id='word_1_14' title='bbox 1129 937 1208 1002; x_wconf 81' lang='lat' dir='ltr'><strong>Solis</strong></span> <span class='ocrx_word' id='word_1_15' title='bbox 1221 959 1258 1000; x_wconf 85' lang='lat' dir='ltr'><strong>oc</strong></span> <span class='ocrx_word' id='word_1_16' title='bbox 1272 939 1372 1001; x_wconf 73' lang='grc'><strong>[44444</strong></span> <span class='ocrx_word' id='word_1_17' title='bbox 1385 940 1475 1003; x_wconf 77' lang='lat' dir='ltr'><strong>on&#39;ri.</strong></span> 
     </span>
    </p>
   </div>
   <div class='ocr_carea' id='block_1_4' title="bbox 324 1119 1611 1862">
    <p class='ocr_par' dir='ltr' id='par_1_4' title="bbox 324 1119 1611 1862">
     <span class='ocr_line' id='line_1_4' title="bbox 368 1119 1606 1210; baseline -0.005 -20"><span class='ocrx_word' id='word_1_18' title='bbox 368 1124 462 1190; x_wconf 85' lang='lat' dir='ltr'><strong>Mare</strong></span> <span class='ocrx_word' id='word_1_19' title='bbox 483 1121 613 1210; x_wconf 80' lang='lat' dir='ltr'><strong>singulis</strong></span> <span class='ocrx_word' id='word_1_20' title='bbox 633 1121 744 1188; x_wconf 91' lang='lat' dir='ltr'><strong>diebus</strong></span> <span class='ocrx_word' id='word_1_21' title='bbox 765 1134 831 1188; x_wconf 86' lang='lat' dir='ltr'><strong>tam</strong></span> <span class='ocrx_word' id='word_1_22' title='bbox 851 1122 1013 1188; x_wconf 79' lang='lat' dir='ltr'><strong>lunaribus</strong></span> <span class='ocrx_word' id='word_1_23' title='bbox 1035 1119 1129 1210; x_wconf 81' lang='lat' dir='ltr'><strong>qudrn</strong></span> <span class='ocrx_word' id='word_1_24' title='bbox 1150 1122 1300 1187; x_wconf 78' lang='lat' dir='ltr'><strong>solaribus</strong></span> <span class='ocrx_word' id='word_1_25' title='bbox 1326 1123 1374 1188; x_wconf 92' lang='lat' dir='ltr'><strong>bis</strong></span> <span class='ocrx_word' id='word_1_26' title='bbox 1400 1123 1606 1186; x_wconf 82' lang='lat' dir='ltr'><strong>intumescere</strong></span> 
     </span>
     <span class='ocr_line' id='line_1_5' title="bbox 324 1229 1606 1318; baseline -0.005 -20"><span class='ocrx_word' id='word_1_27' title='bbox 324 1233 439 1298; x_wconf 90' lang='lat' dir='ltr'><strong>debere</strong></span> <span class='ocrx_word' id='word_1_28' title='bbox 454 1253 490 1296; x_wconf 87' lang='grc'><strong>44</strong></span> <span class='ocrx_word' id='word_1_29' title='bbox 508 1233 556 1296; x_wconf 84' lang='grc'><strong>1414</strong></span> <span class='ocrx_word' id='word_1_30' title='bbox 570 1231 717 1310; x_wconf 82' lang='grc'><strong>44114444,</strong></span> <span class='ocrx_word' id='word_1_31' title='bbox 737 1245 824 1317; x_wconf 83' lang='lat' dir='ltr'><strong>potet</strong></span> <span class='ocrx_word' id='word_1_32' title='bbox 843 1229 886 1318; x_wconf 70' lang='lat'><strong>(¹)</strong></span> <span class='ocrx_word' id='word_1_33' title='bbox 901 1254 960 1318; x_wconf 88' lang='lat' dir='ltr'><strong>per</strong></span> <span class='ocrx_word' id='word_1_34' title='bbox 976 1231 1082 1297; x_wconf 84' lang='lat' dir='ltr'><strong>Corol</strong></span> <span class='ocrx_word' id='word_1_35' title='bbox 1100 1239 1151 1297; x_wconf 90' lang='lat'><strong>19.</strong></span> <span class='ocrx_word' id='word_1_36' title='bbox 1166 1245 1198 1296; x_wconf 87' lang='lat' dir='ltr'><strong>et</strong></span> <span class='ocrx_word' id='word_1_37' title='bbox 1212 1241 1263 1298; x_wconf 90' lang='grc'><strong>90.</strong></span> <span class='ocrx_word' id='word_1_38' title='bbox 1280 1230 1517 1317; x_wconf 88' lang='lat' dir='ltr'><strong>Prop.LXV1.</strong></span> <span class='ocrx_word' id='word_1_39' title='bbox 1533 1229 1606 1294; x_wconf 92' lang='lat' dir='ltr'><strong>Lib.</strong></span> 
     </span>
     <span class='ocr_line' id='line_1_6' title="bbox 325 1337 1605 1426; baseline -0.004 -19"><span class='ocrx_word' id='word_1_40' title='bbox 325 1343 352 1408; x_wconf 92' lang='lat'><strong>1.</strong></span> <span class='ocrx_word' id='word_1_41' title='bbox 368 1355 403 1406; x_wconf 89' lang='lat' dir='ltr'><strong>ut</strong></span> <span class='ocrx_word' id='word_1_42' title='bbox 424 1355 456 1406; x_wconf 88' lang='lat' dir='ltr'><strong>et</strong></span> <span class='ocrx_word' id='word_1_43' title='bbox 478 1341 516 1426; x_wconf 64' lang='grc' dir='ltr'><strong>(Ι)</strong></span> <span class='ocrx_word' id='word_1_44' title='bbox 539 1363 629 1426; x_wconf 84' lang='lat' dir='ltr'><strong>aquae</strong></span> <span class='ocrx_word' id='word_1_45' title='bbox 649 1341 820 1405; x_wconf 79' lang='lat' dir='ltr'><strong>maximum</strong></span> <span class='ocrx_word' id='word_1_46' title='bbox 834 1339 1038 1418; x_wconf 78' lang='lat' dir='ltr'><strong>altitudinem,</strong></span> <span class='ocrx_word' id='word_1_47' title='bbox 1061 1341 1094 1403; x_wconf 92' lang='lat' dir='ltr'><strong>in</strong></span> <span class='ocrx_word' id='word_1_48' title='bbox 1114 1339 1252 1404; x_wconf 87' lang='lat' dir='ltr'><strong>maribus</strong></span> <span class='ocrx_word' id='word_1_49' title='bbox 1266 1337 1429 1424; x_wconf 84' lang='lat' dir='ltr'><strong>pr&#39;oibndis</strong></span> <span class='ocrx_word' id='word_1_50' title='bbox 1444 1353 1477 1403; x_wconf 90' lang='lat' dir='ltr'><strong>et</strong></span> <span class='ocrx_word' id='word_1_51' title='bbox 1489 1337 1605 1414; x_wconf 88' lang='lat' dir='ltr'><strong>liberis,</strong></span> 
     </span>
     <span class='ocr_line' id='line_1_7' title="bbox 324 1445 1608 1537; baseline -0.005 -21"><span class='ocrx_word' id='word_1_52' title='bbox 324 1452 489 1537; x_wconf 85' lang='lat' dir='ltr'><strong>appulsum</strong></span> <span class='ocrx_word' id='word_1_53' title='bbox 515 1450 715 1514; x_wconf 86' lang='lat' dir='ltr'><strong>luminarium</strong></span> <span class='ocrx_word' id='word_1_54' title='bbox 738 1450 777 1514; x_wconf 85' lang='lat' dir='ltr'><strong>ad</strong></span> <span class='ocrx_word' id='word_1_55' title='bbox 804 1449 1012 1516; x_wconf 88' lang='lat' dir='ltr'><strong>meridianum</strong></span> <span class='ocrx_word' id='word_1_56' title='bbox 1036 1448 1099 1513; x_wconf 88' lang='lat' dir='ltr'><strong>loci</strong></span> <span class='ocrx_word' id='word_1_57' title='bbox 1121 1449 1235 1512; x_wconf 91' lang='lat' dir='ltr'><strong>minori</strong></span> <span class='ocrx_word' id='word_1_58' title='bbox 1259 1445 1352 1535; x_wconf 79' lang='lat' dir='ltr'><strong>quim</strong></span> <span class='ocrx_word' id='word_1_59' title='bbox 1378 1469 1435 1512; x_wconf 85' lang='lat' dir='ltr'><strong>sex</strong></span> <span class='ocrx_word' id='word_1_60' title='bbox 1457 1447 1608 1511; x_wconf 79' lang='lat' dir='ltr'><strong>horarum</strong></span> 
     </span>
     <span class='ocr_line' id='line_1_8' title="bbox 325 1553 1609 1646; baseline -0.006 -20"><span class='ocrx_word' id='word_1_61' title='bbox 325 1563 425 1646; x_wconf 85' lang='lat' dir='ltr'><strong>spatio</strong></span> <span class='ocrx_word' id='word_1_62' title='bbox 447 1560 544 1646; x_wconf 87' lang='lat' dir='ltr'><strong>sequi,</strong></span> <span class='ocrx_word' id='word_1_63' title='bbox 570 1560 616 1622; x_wconf 88' lang='lat' dir='ltr'><strong>uti</strong></span> <span class='ocrx_word' id='word_1_64' title='bbox 637 1559 674 1622; x_wconf 85' lang='lat' dir='ltr'><strong>fit</strong></span> <span class='ocrx_word' id='word_1_65' title='bbox 694 1557 727 1622; x_wconf 89' lang='lat' dir='ltr'><strong>in</strong></span> <span class='ocrx_word' id='word_1_66' title='bbox 749 1559 843 1623; x_wconf 84' lang='lat' dir='ltr'><strong>maris</strong></span> <span class='ocrx_word' id='word_1_67' title='bbox 866 1557 1015 1624; x_wconf 80' lang='lat' dir='ltr'><strong>Atlantici</strong></span> <span class='ocrx_word' id='word_1_68' title='bbox 1030 1569 1061 1622; x_wconf 88' lang='lat' dir='ltr'><strong>et</strong></span> <span class='ocrx_word' id='word_1_69' title='bbox 1076 1555 1248 1641; x_wconf 86' lang='lat' dir='ltr'><strong>AEtbiopici</strong></span> <span class='ocrx_word' id='word_1_70' title='bbox 1267 1567 1368 1620; x_wconf 81' lang='lat' dir='ltr'><strong>tractu</strong></span> <span class='ocrx_word' id='word_1_71' title='bbox 1383 1568 1450 1620; x_wconf 87' lang='lat' dir='ltr'><strong>toto</strong></span> <span class='ocrx_word' id='word_1_72' title='bbox 1465 1553 1609 1619; x_wconf 72' lang='lat' dir='ltr'><strong>orientali</strong></span> 
     </span>
     <span class='ocr_line' id='line_1_9' title="bbox 325 1663 1609 1750; baseline -0.005 -18"><span class='ocrx_word' id='word_1_73' title='bbox 325 1670 406 1732; x_wconf 88' lang='lat' dir='ltr'><strong>inter</strong></span> <span class='ocrx_word' id='word_1_74' title='bbox 422 1665 559 1732; x_wconf 76' lang='lat' dir='ltr'><strong>Galliam</strong></span> <span class='ocrx_word' id='word_1_75' title='bbox 573 1679 605 1729; x_wconf 92' lang='lat' dir='ltr'><strong>et</strong></span> <span class='ocrx_word' id='word_1_76' title='bbox 620 1665 875 1729; x_wconf 86' lang='lat' dir='ltr'><strong>Promontorium</strong></span> <span class='ocrx_word' id='word_1_77' title='bbox 892 1665 991 1729; x_wconf 86' lang='lat' dir='ltr'><strong>Bonae</strong></span> <span class='ocrx_word' id='word_1_78' title='bbox 1007 1665 1082 1750; x_wconf 89' lang='lat' dir='ltr'><strong>Spei</strong></span> <span class='ocrx_word' id='word_1_79' title='bbox 1100 1675 1182 1729; x_wconf 90' lang='lat' dir='ltr'><strong>utet</strong></span> <span class='ocrx_word' id='word_1_80' title='bbox 1196 1664 1229 1728; x_wconf 92' lang='lat' dir='ltr'><strong>in</strong></span> <span class='ocrx_word' id='word_1_81' title='bbox 1243 1665 1339 1728; x_wconf 88' lang='lat' dir='ltr'><strong>maris</strong></span> <span class='ocrx_word' id='word_1_82' title='bbox 1358 1663 1486 1729; x_wconf 85' lang='lat' dir='ltr'><strong>Pacifici</strong></span> <span class='ocrx_word' id='word_1_83' title='bbox 1503 1663 1609 1727; x_wconf 87' lang='lat' dir='ltr'><strong>littore</strong></span> 
     </span>
     <span class='ocr_line' id='line_1_10' title="bbox 330 1771 1611 1862; baseline -0.007 -18"><span class='ocrx_word' id='word_1_84' title='bbox 330 1777 471 1844; x_wconf 85' lang='lat' dir='ltr'><strong>Chilensi</strong></span> <span class='ocrx_word' id='word_1_85' title='bbox 486 1788 518 1841; x_wconf 94' lang='lat' dir='ltr'><strong>et</strong></span> <span class='ocrx_word' id='word_1_86' title='bbox 534 1776 729 1841; x_wconf 77' lang='lat' dir='ltr'><strong>Peruviano:</strong></span> <span class='ocrx_word' id='word_1_87' title='bbox 753 1773 786 1838; x_wconf 93' lang='lat' dir='ltr'><strong>in</strong></span> <span class='ocrx_word' id='word_1_88' title='bbox 801 1773 913 1862; x_wconf 92' lang='lat' dir='ltr'><strong>quibus</strong></span> <span class='ocrx_word' id='word_1_89' title='bbox 932 1771 1078 1838; x_wconf 89' lang='lat' dir='ltr'><strong>omnibus</strong></span> <span class='ocrx_word' id='word_1_90' title='bbox 1099 1773 1254 1838; x_wconf 86' lang='lat' dir='ltr'><strong>littoribus</strong></span> <span class='ocrx_word' id='word_1_91' title='bbox 1269 1785 1363 1838; x_wconf 79' lang='lat' dir='ltr'><strong>aestus</strong></span> <span class='ocrx_word' id='word_1_92' title='bbox 1377 1773 1410 1836; x_wconf 87' lang='lat' dir='ltr'><strong>in</strong></span> <span class='ocrx_word' id='word_1_93' title='bbox 1425 1771 1536 1836; x_wconf 91' lang='lat' dir='ltr'><strong>horam</strong></span> <span class='ocrx_word' id='word_1_94' title='bbox 1550 1772 1611 1836; x_wconf 91' lang='lat' dir='ltr'><strong>cir-</strong></span> 
     </span>
    </p>
   </div>
   <div class='ocr_carea' id='block_1_5' title="bbox 218 1871 1611 1968">
    <p class='ocr_par' dir='ltr' id='par_1_5' title="bbox 218 1871 1611 1968">
     <span class='ocr_line' id='line_1_11' title="bbox 218 1871 1611 1968; baseline -0.006 -18"><span class='ocrx_word' id='word_1_95' title='bbox 218 1871 226 1887; x_wconf 46' lang='lat'><strong>·</strong></span> <span class='ocrx_word' id='word_1_96' title='bbox 326 1885 403 1950; x_wconf 86' lang='lat' dir='ltr'><strong>citer</strong></span> <span class='ocrx_word' id='word_1_97' title='bbox 424 1881 601 1960; x_wconf 79' lang='lat' dir='ltr'><strong>secundom,</strong></span> <span class='ocrx_word' id='word_1_98' title='bbox 625 1883 748 1946; x_wconf 84' lang='lat' dir='ltr'><strong>tertiam</strong></span> <span class='ocrx_word' id='word_1_99' title='bbox 769 1881 816 1944; x_wconf 87' lang='lat' dir='ltr'><strong>vel</strong></span> <span class='ocrx_word' id='word_1_100' title='bbox 838 1893 990 1968; x_wconf 84' lang='lat' dir='ltr'><strong>quartam,</strong></span> <span class='ocrx_word' id='word_1_101' title='bbox 1014 1879 1132 1958; x_wconf 87' lang='lat' dir='ltr'><strong>incidit,</strong></span> <span class='ocrx_word' id='word_1_102' title='bbox 1155 1879 1215 1943; x_wconf 89' lang='lat' dir='ltr'><strong>nisi</strong></span> <span class='ocrx_word' id='word_1_103' title='bbox 1236 1879 1289 1944; x_wconf 95' lang='lat' dir='ltr'><strong>ubi</strong></span> <span class='ocrx_word' id='word_1_104' title='bbox 1304 1890 1408 1943; x_wconf 89' lang='lat' dir='ltr'><strong>motus</strong></span> <span class='ocrx_word' id='word_1_105' title='bbox 1430 1878 1470 1943; x_wconf 87' lang='lat' dir='ltr'><strong>ab</strong></span> <span class='ocrx_word' id='word_1_106' title='bbox 1492 1901 1611 1942; x_wconf 83' lang='lat' dir='ltr'><strong>oceano</strong></span> 
     </span>
    </p>
   </div>
   <div class='ocr_carea' id='block_1_6' title="bbox 325 1983 1616 2942">
    <p class='ocr_par' dir='ltr' id='par_1_6' title="bbox 325 1983 1616 2942">
     <span class='ocr_line' id='line_1_12' title="bbox 325 1983 1610 2078; baseline -0.006 -23"><span class='ocrx_word' id='word_1_107' title='bbox 325 1989 483 2078; x_wconf 85' lang='lat' dir='ltr'><strong>profundo</strong></span> <span class='ocrx_word' id='word_1_108' title='bbox 504 2011 562 2076; x_wconf 89' lang='lat' dir='ltr'><strong>per</strong></span> <span class='ocrx_word' id='word_1_109' title='bbox 576 1990 645 2054; x_wconf 89' lang='lat' dir='ltr'><strong>loca</strong></span> <span class='ocrx_word' id='word_1_110' title='bbox 658 1989 776 2054; x_wconf 84' lang='lat' dir='ltr'><strong>vadosa</strong></span> <span class='ocrx_word' id='word_1_111' title='bbox 789 1999 980 2077; x_wconf 79' lang='lat' dir='ltr'><strong>propagatus</strong></span> <span class='ocrx_word' id='word_1_112' title='bbox 995 2009 1093 2073; x_wconf 86' lang='lat' dir='ltr'><strong>nsque</strong></span> <span class='ocrx_word' id='word_1_113' title='bbox 1108 1985 1283 2064; x_wconf 83' lang='grc'><strong>4414444444,</strong></span> <span class='ocrx_word' id='word_1_114' title='bbox 1307 1986 1455 2073; x_wconf 88' lang='lat' dir='ltr'><strong>quintam,</strong></span> <span class='ocrx_word' id='word_1_115' title='bbox 1479 1983 1610 2063; x_wconf 74' lang='lat' dir='ltr'><strong>sertim,</strong></span> 
     </span>
     <span class='ocr_line' id='line_1_13' title="bbox 325 2095 1610 2187; baseline -0.007 -21"><span class='ocrx_word' id='word_1_116' title='bbox 325 2101 488 2187; x_wconf 83' lang='lat' dir='ltr'><strong>septimum</strong></span> <span class='ocrx_word' id='word_1_117' title='bbox 512 2113 574 2164; x_wconf 82' lang='lat' dir='ltr'><strong>aut·</strong></span> <span class='ocrx_word' id='word_1_118' title='bbox 591 2101 673 2164; x_wconf 86' lang='lat' dir='ltr'><strong>ultra</strong></span> <span class='ocrx_word' id='word_1_119' title='bbox 698 2097 882 2164; x_wconf 78' lang='lat' dir='ltr'><strong>retardatur.</strong></span> <span class='ocrx_word' id='word_1_120' title='bbox 937 2095 1044 2163; x_wconf 86' lang='lat' dir='ltr'><strong>Horas</strong></span> <span class='ocrx_word' id='word_1_121' title='bbox 1070 2117 1201 2160; x_wconf 88' lang='lat' dir='ltr'><strong>numero</strong></span> <span class='ocrx_word' id='word_1_122' title='bbox 1227 2095 1267 2160; x_wconf 85' lang='lat' dir='ltr'><strong>ab</strong></span> <span class='ocrx_word' id='word_1_123' title='bbox 1294 2095 1428 2181; x_wconf 85' lang='lat' dir='ltr'><strong>appulsu</strong></span> <span class='ocrx_word' id='word_1_124' title='bbox 1448 2095 1610 2158; x_wconf 86' lang='lat' dir='ltr'><strong>luminaris</strong></span> 
     </span>
     <span class='ocr_line' id='line_1_14' title="bbox 326 2201 1613 2296; baseline -0.008 -22"><span class='ocrx_word' id='word_1_125' title='bbox 326 2211 486 2296; x_wconf 87' lang='lat' dir='ltr'><strong>utriusque</strong></span> <span class='ocrx_word' id='word_1_126' title='bbox 502 2207 543 2271; x_wconf 87' lang='grc'><strong>44</strong></span> <span class='ocrx_word' id='word_1_127' title='bbox 557 2205 764 2271; x_wconf 87' lang='lat' dir='ltr'><strong>meridianum</strong></span> <span class='ocrx_word' id='word_1_128' title='bbox 783 2205 854 2282; x_wconf 91' lang='lat' dir='ltr'><strong>loci,</strong></span> <span class='ocrx_word' id='word_1_129' title='bbox 878 2219 941 2268; x_wconf 85' lang='lat' dir='ltr'><strong>tam</strong></span> <span class='ocrx_word' id='word_1_130' title='bbox 964 2203 1045 2268; x_wconf 87' lang='lat' dir='ltr'><strong>inira</strong></span> <span class='ocrx_word' id='word_1_131' title='bbox 1065 2203 1259 2268; x_wconf 88' lang='lat' dir='ltr'><strong>horizontem</strong></span> <span class='ocrx_word' id='word_1_132' title='bbox 1275 2201 1368 2290; x_wconf 77' lang='lat' dir='ltr'><strong>quim</strong></span> <span class='ocrx_word' id='word_1_133' title='bbox 1383 2224 1486 2289; x_wconf 86' lang='lat' dir='ltr'><strong>supra,</strong></span> <span class='ocrx_word' id='word_1_134' title='bbox 1510 2214 1542 2267; x_wconf 90' lang='lat' dir='ltr'><strong>et</strong></span> <span class='ocrx_word' id='word_1_135' title='bbox 1555 2223 1613 2288; x_wconf 88' lang='lat' dir='ltr'><strong>per</strong></span> 
     </span>
     <span class='ocr_line' id='line_1_15' title="bbox 328 2309 1614 2404; baseline -0.005 -24"><span class='ocrx_word' id='word_1_136' title='bbox 328 2315 422 2380; x_wconf 82' lang='lat' dir='ltr'><strong>horos</strong></span> <span class='ocrx_word' id='word_1_137' title='bbox 445 2314 508 2378; x_wconf 90' lang='lat' dir='ltr'><strong>diei</strong></span> <span class='ocrx_word' id='word_1_138' title='bbox 528 2311 646 2376; x_wconf 80' lang='lat' dir='ltr'><strong>lunaris</strong></span> <span class='ocrx_word' id='word_1_139' title='bbox 668 2309 808 2396; x_wconf 80' lang='lat' dir='ltr'><strong>intelligo</strong></span> <span class='ocrx_word' id='word_1_140' title='bbox 829 2309 994 2404; x_wconf 75' lang='lat' dir='ltr'><strong>vigesimae</strong></span> <span class='ocrx_word' id='word_1_141' title='bbox 1016 2321 1140 2393; x_wconf 86' lang='lat' dir='ltr'><strong>quartas</strong></span> <span class='ocrx_word' id='word_1_142' title='bbox 1162 2323 1266 2394; x_wconf 82' lang='lat' dir='ltr'><strong>portes</strong></span> <span class='ocrx_word' id='word_1_143' title='bbox 1281 2309 1428 2394; x_wconf 90' lang='lat' dir='ltr'><strong>temporis</strong></span> <span class='ocrx_word' id='word_1_144' title='bbox 1443 2331 1506 2395; x_wconf 89' lang='lat' dir='ltr'><strong>quo</strong></span> <span class='ocrx_word' id='word_1_145' title='bbox 1521 2309 1614 2374; x_wconf 78' lang='lat' dir='ltr'><strong>Luna</strong></span> 
     </span>
     <span class='ocr_line' id='line_1_16' title="bbox 327 2417 1615 2507; baseline -0.004 -19"><span class='ocrx_word' id='word_1_146' title='bbox 327 2435 415 2488; x_wconf 91' lang='lat' dir='ltr'><strong>motu</strong></span> <span class='ocrx_word' id='word_1_147' title='bbox 440 2434 609 2507; x_wconf 87' lang='lat' dir='ltr'><strong>apparente</strong></span> <span class='ocrx_word' id='word_1_148' title='bbox 635 2417 749 2482; x_wconf 90' lang='lat' dir='ltr'><strong>diurno</strong></span> <span class='ocrx_word' id='word_1_149' title='bbox 775 2417 815 2482; x_wconf 83' lang='lat' dir='ltr'><strong>ad</strong></span> <span class='ocrx_word' id='word_1_150' title='bbox 838 2417 1045 2481; x_wconf 82' lang='lat' dir='ltr'><strong>meridianum</strong></span> <span class='ocrx_word' id='word_1_151' title='bbox 1071 2417 1133 2482; x_wconf 89' lang='lat' dir='ltr'><strong>loci</strong></span> <span class='ocrx_word' id='word_1_152' title='bbox 1153 2419 1328 2481; x_wconf 87' lang='lat' dir='ltr'><strong>revertitur.</strong></span> <span class='ocrx_word' id='word_1_153' title='bbox 1375 2419 1432 2482; x_wconf 89' lang='lat' dir='ltr'><strong>Vis</strong></span> <span class='ocrx_word' id='word_1_154' title='bbox 1457 2419 1539 2483; x_wconf 86' lang='lat' dir='ltr'><strong>Solis</strong></span> <span class='ocrx_word' id='word_1_155' title='bbox 1563 2417 1615 2483; x_wconf 90' lang='lat' dir='ltr'><strong>vel</strong></span> 
     </span>
     <span class='ocr_line' id='line_1_17' title="bbox 333 2519 1615 2610; baseline -0.006 -12"><span class='ocrx_word' id='word_1_156' title='bbox 333 2533 435 2598; x_wconf 88' lang='lat' dir='ltr'><strong>Lunae</strong></span> <span class='ocrx_word' id='word_1_157' title='bbox 449 2533 490 2596; x_wconf 91' lang='lat' dir='ltr'><strong>ad</strong></span> <span class='ocrx_word' id='word_1_158' title='bbox 504 2553 590 2595; x_wconf 91' lang='lat' dir='ltr'><strong>mare</strong></span> <span class='ocrx_word' id='word_1_159' title='bbox 604 2519 788 2594; x_wconf 85' lang='lat' dir='ltr'><strong>elevandum</strong></span> <span class='ocrx_word' id='word_1_160' title='bbox 802 2527 940 2590; x_wconf 85' lang='lat' dir='ltr'><strong>maxima</strong></span> <span class='ocrx_word' id='word_1_161' title='bbox 955 2525 1046 2590; x_wconf 87' lang='lat' dir='ltr'><strong>estin</strong></span> <span class='ocrx_word' id='word_1_162' title='bbox 1062 2523 1131 2610; x_wconf 89' lang='lat' dir='ltr'><strong>ipso</strong></span> <span class='ocrx_word' id='word_1_163' title='bbox 1145 2525 1279 2610; x_wconf 83' lang='lat' dir='ltr'><strong>appulsu</strong></span> <span class='ocrx_word' id='word_1_164' title='bbox 1295 2524 1454 2589; x_wconf 86' lang='lat' dir='ltr'><strong>luminaris</strong></span> <span class='ocrx_word' id='word_1_165' title='bbox 1466 2525 1507 2590; x_wconf 90' lang='lat' dir='ltr'><strong>ad</strong></span> <span class='ocrx_word' id='word_1_166' title='bbox 1521 2528 1615 2591; x_wconf 89' lang='lat' dir='ltr'><strong>meri-</strong></span> 
     </span>
     <span class='ocr_line' id='line_1_18' title="bbox 329 2631 1616 2718; baseline -0.002 -17"><span class='ocrx_word' id='word_1_167' title='bbox 329 2638 458 2701; x_wconf 84' lang='lat' dir='ltr'><strong>dianum</strong></span> <span class='ocrx_word' id='word_1_168' title='bbox 472 2638 544 2702; x_wconf 86' lang='lat' dir='ltr'><strong>loci:</strong></span> <span class='ocrx_word' id='word_1_169' title='bbox 589 2636 653 2702; x_wconf 85' lang='lat' dir='ltr'><strong>Sed</strong></span> <span class='ocrx_word' id='word_1_170' title='bbox 673 2635 719 2700; x_wconf 89' lang='lat' dir='ltr'><strong>vis</strong></span> <span class='ocrx_word' id='word_1_171' title='bbox 740 2657 778 2700; x_wconf 85' lang='lat' dir='ltr'><strong>eo</strong></span> <span class='ocrx_word' id='word_1_172' title='bbox 793 2647 933 2718; x_wconf 89' lang='lat' dir='ltr'><strong>tempore</strong></span> <span class='ocrx_word' id='word_1_173' title='bbox 948 2634 981 2697; x_wconf 92' lang='lat' dir='ltr'><strong>in</strong></span> <span class='ocrx_word' id='word_1_174' title='bbox 995 2655 1080 2696; x_wconf 86' lang='lat' dir='ltr'><strong>mare</strong></span> <span class='ocrx_word' id='word_1_175' title='bbox 1096 2633 1246 2716; x_wconf 82' lang='lat' dir='ltr'><strong>impresse</strong></span> <span class='ocrx_word' id='word_1_176' title='bbox 1260 2641 1365 2694; x_wconf 88' lang='lat' dir='ltr'><strong>manet</strong></span> <span class='ocrx_word' id='word_1_177' title='bbox 1379 2631 1569 2716; x_wconf 82' lang='lat' dir='ltr'><strong>aliquamdiu</strong></span> <span class='ocrx_word' id='word_1_178' title='bbox 1584 2646 1616 2698; x_wconf 88' lang='lat' dir='ltr'><strong>et</strong></span> 
     </span>
     <span class='ocr_line' id='line_1_19' title="bbox 331 2739 1615 2830; baseline 0.002 -25"><span class='ocrx_word' id='word_1_179' title='bbox 331 2764 390 2828; x_wconf 92' lang='lat' dir='ltr'><strong>per</strong></span> <span class='ocrx_word' id='word_1_180' title='bbox 410 2743 474 2805; x_wconf 92' lang='lat' dir='ltr'><strong>vim</strong></span> <span class='ocrx_word' id='word_1_181' title='bbox 495 2763 607 2806; x_wconf 83' lang='lat' dir='ltr'><strong>novam</strong></span> <span class='ocrx_word' id='word_1_182' title='bbox 630 2743 763 2808; x_wconf 87' lang='lat' dir='ltr'><strong>subinde</strong></span> <span class='ocrx_word' id='word_1_183' title='bbox 782 2745 965 2829; x_wconf 87' lang='lat' dir='ltr'><strong>impressam</strong></span> <span class='ocrx_word' id='word_1_184' title='bbox 987 2753 1128 2830; x_wconf 83' lang='lat' dir='ltr'><strong>augetur,</strong></span> <span class='ocrx_word' id='word_1_185' title='bbox 1149 2741 1249 2806; x_wconf 87' lang='lat' dir='ltr'><strong>donee</strong></span> <span class='ocrx_word' id='word_1_186' title='bbox 1263 2763 1349 2805; x_wconf 88' lang='lat' dir='ltr'><strong>mare</strong></span> <span class='ocrx_word' id='word_1_187' title='bbox 1364 2739 1404 2804; x_wconf 86' lang='lat' dir='ltr'><strong>ad</strong></span> <span class='ocrx_word' id='word_1_188' title='bbox 1419 2741 1615 2807; x_wconf 87' lang='lat' dir='ltr'><strong>altitudinem</strong></span> 
     </span>
     <span class='ocr_line' id='line_1_20' title="bbox 331 2837 1616 2942; baseline -0.002 -28"><span class='ocrx_word' id='word_1_189' title='bbox 331 2851 500 2914; x_wconf 84' lang='lat' dir='ltr'><strong>maximam</strong></span> <span class='ocrx_word' id='word_1_190' title='bbox 525 2837 708 2927; x_wconf 85' lang='lat' dir='ltr'><strong>ascenderit,</strong></span> <span class='ocrx_word' id='word_1_191' title='bbox 738 2849 772 2942; x_wconf 73' lang='lat' dir='ltr'><strong>id</strong></span> <span class='ocrx_word' id='word_1_192' title='bbox 801 2847 886 2936; x_wconf 94' lang='lat' dir='ltr'><strong>quod</strong></span> <span class='ocrx_word' id='word_1_193' title='bbox 912 2849 967 2913; x_wconf 86' lang='lat' dir='ltr'><strong>fiet</strong></span> <span class='ocrx_word' id='word_1_194' title='bbox 990 2847 1090 2934; x_wconf 85' lang='lat' dir='ltr'><strong>spatio</strong></span> <span class='ocrx_word' id='word_1_195' title='bbox 1114 2846 1201 2911; x_wconf 84' lang='lat' dir='ltr'><strong>boroe</strong></span> <span class='ocrx_word' id='word_1_196' title='bbox 1224 2847 1319 2911; x_wconf 92' lang='lat' dir='ltr'><strong>unius</strong></span> <span class='ocrx_word' id='word_1_197' title='bbox 1349 2843 1529 2925; x_wconf 79' lang='lat' dir='ltr'><strong>duorumve,</strong></span> <span class='ocrx_word' id='word_1_198' title='bbox 1561 2847 1616 2912; x_wconf 88' lang='lat' dir='ltr'><strong>sed</strong></span> 
     </span>
    </p>
   </div>
   <div class='ocr_carea' id='block_1_7' title="bbox 328 3019 1623 4876">
    <p class='ocr_par' dir='ltr' id='par_1_7' title="bbox 328 3019 1623 4876">
     <span class='ocr_line' id='line_1_21' title="bbox 328 3019 1617 3100; baseline 0.002 -32"><span class='ocrx_word' id='word_1_199' title='bbox 328 3019 409 3096; x_wconf 73' lang='grc'><strong>4441441</strong></span> <span class='ocrx_word' id='word_1_200' title='bbox 427 3019 520 3068; x_wconf 79' lang='lat' dir='ltr'><strong>dierum</strong></span> <span class='ocrx_word' id='word_1_201' title='bbox 543 3025 638 3070; x_wconf 77' lang='grc'><strong>16606.</strong></span> <span class='ocrx_word' id='word_1_202' title='bbox 685 3020 790 3082; x_wconf 70' lang='lat' dir='ltr'><strong>Sumptis</strong></span> <span class='ocrx_word' id='word_1_203' title='bbox 812 3019 958 3086; x_wconf 69' lang='lat' dir='ltr'><strong>logeritbmir</strong></span> <span class='ocrx_word' id='word_1_204' title='bbox 988 3019 1189 3096; x_wconf 34' lang='lat' dir='ltr'><strong>globinoontigtu,</strong></span> <span class='ocrx_word' id='word_1_205' title='bbox 1207 3035 1280 3100; x_wconf 66' lang='lat' dir='ltr'><strong>«prore</strong></span> <span class='ocrx_word' id='word_1_206' title='bbox 1298 3019 1394 3070; x_wconf 82' lang='grc'><strong>11444144</strong></span> <span class='ocrx_word' id='word_1_207' title='bbox 1408 3021 1474 3070; x_wconf 79' lang='lat' dir='ltr'><strong>niveo</strong></span> <span class='ocrx_word' id='word_1_208' title='bbox 1488 3020 1617 3098; x_wconf 74' lang='lat' dir='ltr'><strong>retinetque</strong></span> 
     </span>
     <span class='ocr_line' id='line_1_22' title="bbox 328 3085 1618 3222; baseline 0 -24"><span class='ocrx_word' id='word_1_209' title='bbox 328 3095 373 3132; x_wconf 57' lang='lat' dir='ltr'><strong>‘m</strong></span> <span class='ocrx_word' id='word_1_210' title='bbox 456 3147 487 3198; x_wconf 67' lang='lat'><strong>1.</strong></span> <span class='ocrx_word' id='word_1_211' title='bbox 519 3211 525 3222; x_wconf 32' lang='lat'>¹</span> <span class='ocrx_word' id='word_1_212' title='bbox 550 3175 559 3190; x_wconf 90' lang='lat'>·</span> <span class='ocrx_word' id='word_1_213' title='bbox 608 3153 696 3198; x_wconf 86' lang='grc'><strong>44444</strong></span> <span class='ocrx_word' id='word_1_214' title='bbox 709 3167 744 3196; x_wconf 76' lang='lat'>=</span> <span class='ocrx_word' id='word_1_215' title='bbox 756 3153 894 3200; x_wconf 89' lang='grc'><strong>44444444</strong></span> <span class='ocrx_word' id='word_1_216' title='bbox 988 3085 1400 3222; x_wconf 46' lang='lat' dir='ltr'><strong>meierupffiidoiidnldl&#39;rff</strong></span> <span class='ocrx_word' id='word_1_217' title='bbox 1403 3091 1522 3213; x_wconf 49' lang='grc'><strong>3144134</strong></span> <span class='ocrx_word' id='word_1_218' title='bbox 1523 3085 1618 3198; x_wconf 59' lang='grc' dir='ltr'><strong>444ῗ</strong></span> 
     </span>
     <span class='ocr_line' id='line_1_23' title="bbox 457 3211 1388 3274; baseline 0 -14"><span class='ocrx_word' id='word_1_219' title='bbox 457 3211 488 3260; x_wconf 70' lang='lat'><strong>1.</strong></span> <span class='ocrx_word' id='word_1_220' title='bbox 502 3211 593 3259; x_wconf 86' lang='grc'><strong>44444444</strong></span> <span class='ocrx_word' id='word_1_221' title='bbox 612 3218 698 3262; x_wconf 66' lang='grc'><strong>97091</strong></span> <span class='ocrx_word' id='word_1_222' title='bbox 711 3233 746 3260; x_wconf 94' lang='lat'>=</span> <span class='ocrx_word' id='word_1_223' title='bbox 760 3219 895 3264; x_wconf 73' lang='grc'><strong>14664966</strong></span> <span class='ocrx_word' id='word_1_224' title='bbox 991 3213 1069 3262; x_wconf 78' lang='lat' dir='ltr'><strong>Lunae</strong></span> <span class='ocrx_word' id='word_1_225' title='bbox 1079 3227 1173 3260; x_wconf 85' lang='grc'><strong>44444444</strong></span> <span class='ocrx_word' id='word_1_226' title='bbox 1185 3215 1388 3274; x_wconf 78' lang='lat' dir='ltr'><strong>computabuntur.</strong></span> 
     </span>
     <span class='ocr_line' id='line_1_24' title="bbox 757 3275 1619 3339; baseline -0.001 -15"><span class='ocrx_word' id='word_1_227' title='bbox 757 3301 897 3318; x_wconf 74' lang='lat'><strong>--—</strong></span> <span class='ocrx_word' id='word_1_228' title='bbox 1036 3277 1059 3339; x_wconf 83' lang='lat'><strong>¹)</strong></span> <span class='ocrx_word' id='word_1_229' title='bbox 1073 3279 1085 3306; x_wconf 74' lang='grc'>’</span> <span class='ocrx_word' id='word_1_230' title='bbox 1098 3279 1174 3339; x_wconf 72' lang='lat' dir='ltr'><strong>Aqua</strong></span> <span class='ocrx_word' id='word_1_231' title='bbox 1184 3279 1308 3326; x_wconf 78' lang='lat' dir='ltr'><strong>motiman</strong></span> <span class='ocrx_word' id='word_1_232' title='bbox 1318 3279 1472 3327; x_wconf 81' lang='lat' dir='ltr'><strong>altitudinem·</strong></span> <span class='ocrx_word' id='word_1_233' title='bbox 1509 3277 1569 3326; x_wconf 83' lang='lat' dir='ltr'><strong>Rem</strong></span> <span class='ocrx_word' id='word_1_234' title='bbox 1584 3275 1619 3324; x_wconf 75' lang='lat' dir='ltr'><strong>iti</strong></span> 
     </span>
     <span class='ocr_line' id='line_1_25' title="bbox 412 3281 1618 3418; baseline 0 -30"><span class='ocrx_word' id='word_1_235' title='bbox 412 3339 533 3402; x_wconf 86' lang='lat' dir='ltr'><strong>utriusque</strong></span> <span class='ocrx_word' id='word_1_236' title='bbox 543 3339 590 3402; x_wconf 71' lang='lat' dir='ltr'><strong>log.</strong></span> <span class='ocrx_word' id='word_1_237' title='bbox 604 3355 696 3392; x_wconf 84' lang='grc'><strong>44444444</strong></span> <span class='ocrx_word' id='word_1_238' title='bbox 711 3359 747 3390; x_wconf 66' lang='lat' dir='ltr'>a</span> <span class='ocrx_word' id='word_1_239' title='bbox 758 3347 896 3392; x_wconf 77' lang='grc'><strong>69796110</strong></span> <span class='ocrx_word' id='word_1_240' title='bbox 990 3281 1110 3416; x_wconf 71' lang='grc'><strong>44144444</strong></span> <span class='ocrx_word' id='word_1_241' title='bbox 1120 3349 1185 3401; x_wconf 80' lang='lat' dir='ltr'><strong>petet</strong></span> <span class='ocrx_word' id='word_1_242' title='bbox 1194 3355 1222 3388; x_wconf 84' lang='grc'><strong>44</strong></span> <span class='ocrx_word' id='word_1_243' title='bbox 1234 3341 1569 3418; x_wconf 71' lang='grc' dir='ltr'><strong>ο144444441444441144444444414414,</strong></span> <span class='ocrx_word' id='word_1_244' title='bbox 1581 3356 1618 3388; x_wconf 75' lang='lat' dir='ltr'><strong>re·</strong></span> 
     </span>
     <span class='ocr_line' id='line_1_26' title="bbox 472 3403 1618 3540; baseline 0.002 -28"><span class='ocrx_word' id='word_1_245' title='bbox 472 3463 570 3540; x_wconf 73' lang='grc'><strong>04444</strong></span> <span class='ocrx_word' id='word_1_246' title='bbox 577 3463 608 3514; x_wconf 81' lang='grc'><strong>1.</strong></span> <span class='ocrx_word' id='word_1_247' title='bbox 631 3451 700 3532; x_wconf 64' lang='lat' dir='ltr'><strong>ana}</strong></span> <span class='ocrx_word' id='word_1_248' title='bbox 713 3483 748 3513; x_wconf 80' lang='lat'>=</span> <span class='ocrx_word' id='word_1_249' title='bbox 760 3471 897 3516; x_wconf 81' lang='grc'><strong>44444444</strong></span> <span class='ocrx_word' id='word_1_250' title='bbox 992 3405 1204 3516; x_wconf 51' lang='lat' dir='ltr'><strong>mffimmhffl</strong></span> <span class='ocrx_word' id='word_1_251' title='bbox 1214 3403 1569 3530; x_wconf 43' lang='lat' dir='ltr'><strong>{inalbesliiplilpbiitl</strong></span> <span class='ocrx_word' id='word_1_252' title='bbox 1580 3403 1618 3514; x_wconf 69' lang='lat' dir='ltr'><strong>iil</strong></span> 
     </span>
     <span class='ocr_line' id='line_1_27' title="bbox 472 3527 1618 3594; baseline 0 -16"><span class='ocrx_word' id='word_1_253' title='bbox 472 3527 533 3591; x_wconf 72' lang='lat' dir='ltr'><strong>Log-</strong></span> <span class='ocrx_word' id='word_1_254' title='bbox 546 3529 604 3578; x_wconf 82' lang='lat' dir='ltr'><strong>dter.</strong></span> <span class='ocrx_word' id='word_1_255' title='bbox 617 3535 704 3592; x_wconf 63' lang='grc'><strong>16664</strong></span> <span class='ocrx_word' id='word_1_256' title='bbox 714 3549 749 3576; x_wconf 81' lang='lat'>=</span> <span class='ocrx_word' id='word_1_257' title='bbox 761 3535 897 3580; x_wconf 72' lang='grc'><strong>19994048</strong></span> <span class='ocrx_word' id='word_1_258' title='bbox 992 3531 1088 3580; x_wconf 75' lang='lat' dir='ltr'><strong>mintrio</strong></span> <span class='ocrx_word' id='word_1_259' title='bbox 1098 3531 1128 3580; x_wconf 88' lang='grc'><strong>44</strong></span> <span class='ocrx_word' id='word_1_260' title='bbox 1138 3531 1293 3580; x_wconf 75' lang='lat' dir='ltr'><strong>meridianum</strong></span> <span class='ocrx_word' id='word_1_261' title='bbox 1303 3543 1327 3582; x_wconf 86' lang='lat' dir='ltr'><strong>et</strong></span> <span class='ocrx_word' id='word_1_262' title='bbox 1336 3532 1417 3594; x_wconf 78' lang='lat' dir='ltr'><strong>posted</strong></span> <span class='ocrx_word' id='word_1_263' title='bbox 1426 3533 1543 3586; x_wconf 84' lang='grc'><strong>4144444414,</strong></span> <span class='ocrx_word' id='word_1_264' title='bbox 1559 3540 1618 3578; x_wconf 56' lang='lat' dir='ltr'><strong>otte„</strong></span> 
     </span>
     <span class='ocr_line' id='line_1_28' title="bbox 757 3595 1616 3658; baseline -0.001 -15"><span class='ocrx_word' id='word_1_265' title='bbox 757 3619 898 3634; x_wconf 83' lang='lat'><strong>———</strong></span> <span class='ocrx_word' id='word_1_266' title='bbox 992 3610 1048 3643; x_wconf 84' lang='grc'><strong>44444</strong></span> <span class='ocrx_word' id='word_1_267' title='bbox 1065 3597 1137 3658; x_wconf 82' lang='lat' dir='ltr'><strong>hujus</strong></span> <span class='ocrx_word' id='word_1_268' title='bbox 1156 3597 1189 3644; x_wconf 89' lang='grc'><strong>414</strong></span> <span class='ocrx_word' id='word_1_269' title='bbox 1207 3597 1304 3646; x_wconf 77' lang='lat' dir='ltr'><strong>effertus</strong></span> <span class='ocrx_word' id='word_1_270' title='bbox 1319 3595 1425 3644; x_wconf 87' lang='lat' dir='ltr'><strong>nartdum</strong></span> <span class='ocrx_word' id='word_1_271' title='bbox 1443 3607 1478 3642; x_wconf 89' lang='grc'><strong>444</strong></span> <span class='ocrx_word' id='word_1_272' title='bbox 1492 3595 1616 3642; x_wconf 76' lang='lat' dir='ltr'><strong>morimur.</strong></span> 
     </span>
     <span class='ocr_line' id='line_1_29' title="bbox 480 3654 1619 3722; baseline 0.002 -18"><span class='ocrx_word' id='word_1_273' title='bbox 480 3654 748 3720; x_wconf 73' lang='lat' dir='ltr'><strong>utriuetprontmm=</strong></span> <span class='ocrx_word' id='word_1_274' title='bbox 760 3663 894 3708; x_wconf 64' lang='grc'><strong>47090661</strong></span> <span class='ocrx_word' id='word_1_275' title='bbox 994 3659 1080 3708; x_wconf 77' lang='lat' dir='ltr'><strong>Omnis</strong></span> <span class='ocrx_word' id='word_1_276' title='bbox 1095 3659 1157 3708; x_wconf 80' lang='grc'><strong>4441444</strong></span> <span class='ocrx_word' id='word_1_277' title='bbox 1173 3671 1252 3710; x_wconf 84' lang='lat' dir='ltr'><strong>motos</strong></span> <span class='ocrx_word' id='word_1_278' title='bbox 1265 3661 1337 3710; x_wconf 73' lang='lat' dir='ltr'><strong>smel</strong></span> <span class='ocrx_word' id='word_1_279' title='bbox 1352 3661 1476 3722; x_wconf 77' lang='lat' dir='ltr'><strong>impreoon</strong></span> <span class='ocrx_word' id='word_1_280' title='bbox 1490 3669 1619 3718; x_wconf 71' lang='grc'><strong>4444444444</strong></span> 
     </span>
     <span class='ocr_line' id='line_1_30' title="bbox 992 3722 1620 3780; baseline 0 -10"><span class='ocrx_word' id='word_1_281' title='bbox 992 3723 1146 3780; x_wconf 77' lang='lat' dir='ltr'><strong>uniformiter,</strong></span> <span class='ocrx_word' id='word_1_282' title='bbox 1155 3723 1229 3773; x_wconf 86' lang='lat' dir='ltr'><strong>donoc</strong></span> <span class='ocrx_word' id='word_1_283' title='bbox 1238 3735 1306 3773; x_wconf 86' lang='grc'><strong>4444444</strong></span> <span class='ocrx_word' id='word_1_284' title='bbox 1317 3723 1430 3772; x_wconf 81' lang='grc'><strong>4444444414</strong></span> <span class='ocrx_word' id='word_1_285' title='bbox 1441 3722 1572 3770; x_wconf 80' lang='grc'><strong>4444444144</strong></span> <span class='ocrx_word' id='word_1_286' title='bbox 1583 3723 1620 3770; x_wconf 80' lang='lat' dir='ltr'><strong>vel</strong></span> 
     </span>
     <span class='ocr_line' id='line_1_31' title="bbox 368 3782 1620 3848; baseline 0.002 -16"><span class='ocrx_word' id='word_1_287' title='bbox 368 3782 961 3846; x_wconf 59' lang='lat' dir='ltr'><strong>Hammommtmpututoataouo</strong></span> <span class='ocrx_word' id='word_1_288' title='bbox 992 3787 1218 3836; x_wconf 75' lang='lat' dir='ltr'><strong>ultomreterdetur.</strong></span> <span class='ocrx_word' id='word_1_289' title='bbox 1255 3789 1322 3836; x_wconf 81' lang='lat' dir='ltr'><strong>iiioc</strong></span> <span class='ocrx_word' id='word_1_290' title='bbox 1332 3785 1563 3834; x_wconf 79' lang='grc'><strong>1444444444444414</strong></span> <span class='ocrx_word' id='word_1_291' title='bbox 1578 3801 1620 3848; x_wconf 88' lang='lat' dir='ltr'><strong>per</strong></span> 
     </span>
     <span class='ocr_line' id='line_1_32' title="bbox 334 3848 1621 3912; baseline 0.005 -18"><span class='ocrx_word' id='word_1_292' title='bbox 334 3857 438 3896; x_wconf 77' lang='grc'><strong>4444444444</strong></span> <span class='ocrx_word' id='word_1_293' title='bbox 450 3848 497 3912; x_wconf 78' lang='lat' dir='ltr'><strong>tog.</strong></span> <span class='ocrx_word' id='word_1_294' title='bbox 511 3853 655 3904; x_wconf 75' lang='grc'><strong>96766940.</strong></span> <span class='ocrx_word' id='word_1_295' title='bbox 667 3850 705 3896; x_wconf 88' lang='grc'><strong>441</strong></span> <span class='ocrx_word' id='word_1_296' title='bbox 716 3848 838 3908; x_wconf 76' lang='lat' dir='ltr'><strong>respondet</strong></span> <span class='ocrx_word' id='word_1_297' title='bbox 849 3865 961 3898; x_wconf 81' lang='grc'><strong>4444444444</strong></span> <span class='ocrx_word' id='word_1_298' title='bbox 992 3863 1033 3898; x_wconf 78' lang='lat' dir='ltr'><strong>ser</strong></span> <span class='ocrx_word' id='word_1_299' title='bbox 1043 3851 1133 3898; x_wconf 77' lang='lat' dir='ltr'><strong>circiter</strong></span> <span class='ocrx_word' id='word_1_300' title='bbox 1148 3853 1216 3900; x_wconf 83' lang='grc'><strong>144444</strong></span> <span class='ocrx_word' id='word_1_301' title='bbox 1225 3851 1426 3900; x_wconf 71' lang='lat' dir='ltr'><strong>ente-meridient·</strong></span> <span class='ocrx_word' id='word_1_302' title='bbox 1436 3859 1521 3897; x_wconf 85' lang='grc'><strong>44444444</strong></span> <span class='ocrx_word' id='word_1_303' title='bbox 1531 3861 1621 3900; x_wconf 85' lang='lat' dir='ltr'><strong>etcum</strong></span> 
     </span>
     <span class='ocr_line' id='line_1_33' title="bbox 336 3910 1620 3978; baseline 0.003 -20"><span class='ocrx_word' id='word_1_304' title='bbox 336 3915 391 3958; x_wconf 75' lang='grc'><strong>678·</strong></span> <span class='ocrx_word' id='word_1_305' title='bbox 404 3910 460 3958; x_wconf 78' lang='lat' dir='ltr'><strong>ferd.</strong></span> <span class='ocrx_word' id='word_1_306' title='bbox 493 3910 574 3967; x_wconf 73' lang='lat' dir='ltr'><strong>Queri</strong></span> <span class='ocrx_word' id='word_1_307' title='bbox 589 3925 618 3959; x_wconf 85' lang='grc'><strong>44</strong></span> <span class='ocrx_word' id='word_1_308' title='bbox 634 3911 742 3976; x_wconf 72' lang='grc' dir='ltr'><strong>444414ςί4</strong></span> <span class='ocrx_word' id='word_1_309' title='bbox 759 3913 867 3961; x_wconf 75' lang='grc'><strong>1144444441</strong></span> <span class='ocrx_word' id='word_1_310' title='bbox 882 3923 905 3961; x_wconf 82' lang='lat' dir='ltr'><strong>et</strong></span> <span class='ocrx_word' id='word_1_311' title='bbox 915 3914 963 3961; x_wconf 85' lang='grc'><strong>441-</strong></span> <span class='ocrx_word' id='word_1_312' title='bbox 994 3921 1061 3962; x_wconf 83' lang='lat' dir='ltr'><strong>motu</strong></span> <span class='ocrx_word' id='word_1_313' title='bbox 1072 3913 1157 3962; x_wconf 85' lang='lat' dir='ltr'><strong>diurno</strong></span> <span class='ocrx_word' id='word_1_314' title='bbox 1167 3916 1300 3978; x_wconf 73' lang='grc'><strong>4444414444</strong></span> <span class='ocrx_word' id='word_1_315' title='bbox 1309 3913 1455 3971; x_wconf 81' lang='grc'><strong>44441444444,</strong></span> <span class='ocrx_word' id='word_1_316' title='bbox 1467 3913 1549 3977; x_wconf 73' lang='lat' dir='ltr'><strong>mojori</strong></span> <span class='ocrx_word' id='word_1_317' title='bbox 1560 3913 1620 3962; x_wconf 86' lang='grc'><strong>4414-</strong></span> 
     </span>
     <span class='ocr_line' id='line_1_34' title="bbox 335 3975 1622 4044; baseline 0.002 -20"><span class='ocrx_word' id='word_1_318' title='bbox 335 3975 390 4024; x_wconf 81' lang='grc'><strong>4414</strong></span> <span class='ocrx_word' id='word_1_319' title='bbox 407 3975 525 4038; x_wconf 72' lang='lat' dir='ltr'><strong>colligitur</strong></span> <span class='ocrx_word' id='word_1_320' title='bbox 540 3976 690 4024; x_wconf 69' lang='lat' dir='ltr'><strong>variationem</strong></span> <span class='ocrx_word' id='word_1_321' title='bbox 701 3976 805 4024; x_wconf 84' lang='grc'><strong>4444111414</strong></span> <span class='ocrx_word' id='word_1_322' title='bbox 815 3991 864 4024; x_wconf 72' lang='lat' dir='ltr'><strong>ene</strong></span> <span class='ocrx_word' id='word_1_323' title='bbox 874 3987 963 4040; x_wconf 70' lang='lat' dir='ltr'><strong>portem</strong></span> <span class='ocrx_word' id='word_1_324' title='bbox 994 3977 1063 4027; x_wconf 85' lang='grc'><strong>414444</strong></span> <span class='ocrx_word' id='word_1_325' title='bbox 1080 3979 1178 4028; x_wconf 83' lang='lat' dir='ltr'><strong>ulterius</strong></span> <span class='ocrx_word' id='word_1_326' title='bbox 1199 3995 1293 4044; x_wconf 65' lang='lat' dir='ltr'><strong>pergere</strong></span> <span class='ocrx_word' id='word_1_327' title='bbox 1310 3979 1392 4026; x_wconf 82' lang='grc'><strong>4414444</strong></span> <span class='ocrx_word' id='word_1_328' title='bbox 1412 3987 1436 4026; x_wconf 81' lang='lat' dir='ltr'><strong>et</strong></span> <span class='ocrx_word' id='word_1_329' title='bbox 1457 3993 1529 4042; x_wconf 79' lang='lat' dir='ltr'><strong>equos</strong></span> <span class='ocrx_word' id='word_1_330' title='bbox 1545 3980 1622 4044; x_wconf 70' lang='lat' dir='ltr'><strong>megin</strong></span> 
     </span>
     <span class='ocr_line' id='line_1_35' title="bbox 336 4038 1622 4107; baseline 0.005 -21"><span class='ocrx_word' id='word_1_331' title='bbox 336 4043 381 4087; x_wconf 82' lang='grc'><strong>878</strong></span> <span class='ocrx_word' id='word_1_332' title='bbox 405 4038 631 4088; x_wconf 71' lang='grc'><strong>4441441441414444444</strong></span> <span class='ocrx_word' id='word_1_333' title='bbox 648 4039 745 4088; x_wconf 84' lang='grc'><strong>41441444.</strong></span> <span class='ocrx_word' id='word_1_334' title='bbox 792 4041 838 4088; x_wconf 77' lang='lat' dir='ltr'><strong>sed</strong></span> <span class='ocrx_word' id='word_1_335' title='bbox 857 4041 963 4090; x_wconf 84' lang='grc'><strong>44414414-</strong></span> <span class='ocrx_word' id='word_1_336' title='bbox 994 4043 1116 4107; x_wconf 75' lang='lat' dir='ltr'><strong>mgisque</strong></span> <span class='ocrx_word' id='word_1_337' title='bbox 1131 4043 1227 4096; x_wconf 70' lang='lat' dir='ltr'><strong>attollet.</strong></span> <span class='ocrx_word' id='word_1_338' title='bbox 1245 4043 1319 4106; x_wconf 74' lang='lat' dir='ltr'><strong>utqui</strong></span> <span class='ocrx_word' id='word_1_339' title='bbox 1335 4042 1392 4090; x_wconf 86' lang='lat' dir='ltr'><strong>dum</strong></span> <span class='ocrx_word' id='word_1_340' title='bbox 1408 4041 1489 4090; x_wconf 78' lang='lat' dir='ltr'><strong>eedem</strong></span> <span class='ocrx_word' id='word_1_341' title='bbox 1501 4043 1535 4090; x_wconf 88' lang='grc'><strong>414</strong></span> <span class='ocrx_word' id='word_1_342' title='bbox 1545 4043 1622 4092; x_wconf 88' lang='lat' dir='ltr'><strong>motui</strong></span> 
     </span>
     <span class='ocr_line' id='line_1_36' title="bbox 336 4101 1622 4168; baseline 0.005 -18"><span class='ocrx_word' id='word_1_343' title='bbox 336 4117 391 4150; x_wconf 86' lang='grc'><strong>444444</strong></span> <span class='ocrx_word' id='word_1_344' title='bbox 409 4104 486 4151; x_wconf 72' lang='lat' dir='ltr'><strong>Lon·</strong></span> <span class='ocrx_word' id='word_1_345' title='bbox 501 4101 627 4152; x_wconf 81' lang='grc' dir='ltr'><strong>444ιί444444</strong></span> <span class='ocrx_word' id='word_1_346' title='bbox 641 4104 667 4151; x_wconf 86' lang='lat' dir='ltr'><strong>in</strong></span> <span class='ocrx_word' id='word_1_347' title='bbox 677 4119 774 4168; x_wconf 71' lang='lat' dir='ltr'><strong>epogeo</strong></span> <span class='ocrx_word' id='word_1_348' title='bbox 786 4104 846 4153; x_wconf 77' lang='lat' dir='ltr'><strong>Solio</strong></span> <span class='ocrx_word' id='word_1_349' title='bbox 855 4105 964 4168; x_wconf 72' lang='grc'><strong>4414444444</strong></span> <span class='ocrx_word' id='word_1_350' title='bbox 995 4105 1081 4154; x_wconf 87' lang='lat' dir='ltr'><strong>diurno</strong></span> <span class='ocrx_word' id='word_1_351' title='bbox 1091 4108 1205 4156; x_wconf 83' lang='grc'><strong>4444444414</strong></span> <span class='ocrx_word' id='word_1_352' title='bbox 1215 4106 1282 4154; x_wconf 87' lang='grc'><strong>114141</strong></span> <span class='ocrx_word' id='word_1_353' title='bbox 1296 4121 1389 4154; x_wconf 85' lang='lat' dir='ltr'><strong>cursum</strong></span> <span class='ocrx_word' id='word_1_354' title='bbox 1401 4107 1512 4168; x_wconf 70' lang='grc'><strong>4441441444</strong></span> <span class='ocrx_word' id='word_1_355' title='bbox 1524 4109 1588 4157; x_wconf 85' lang='grc'><strong>414444</strong></span> <span class='ocrx_word' id='word_1_356' title='bbox 1598 4117 1622 4156; x_wconf 86' lang='lat' dir='ltr'><strong>et</strong></span> 
     </span>
     <span class='ocr_line' id='line_1_37' title="bbox 335 4165 1621 4235; baseline 0.005 -21"><span class='ocrx_word' id='word_1_357' title='bbox 335 4165 473 4214; x_wconf 80' lang='lat' dir='ltr'><strong>determinet</strong></span> <span class='ocrx_word' id='word_1_358' title='bbox 499 4167 629 4217; x_wconf 76' lang='grc'><strong>1144444444</strong></span> <span class='ocrx_word' id='word_1_359' title='bbox 655 4169 699 4217; x_wconf 64' lang='grc'><strong>081</strong></span> <span class='ocrx_word' id='word_1_360' title='bbox 731 4169 779 4217; x_wconf 88' lang='grc'><strong>14”.</strong></span> <span class='ocrx_word' id='word_1_361' title='bbox 803 4167 852 4216; x_wconf 75' lang='lat' dir='ltr'><strong>riri</strong></span> <span class='ocrx_word' id='word_1_362' title='bbox 880 4171 960 4220; x_wconf 65' lang='grc'><strong>19041</strong></span> <span class='ocrx_word' id='word_1_363' title='bbox 994 4185 1066 4234; x_wconf 75' lang='lat' dir='ltr'><strong>nqueo</strong></span> <span class='ocrx_word' id='word_1_364' title='bbox 1086 4181 1155 4235; x_wconf 71' lang='lat' dir='ltr'><strong>roget</strong></span> <span class='ocrx_word' id='word_1_365' title='bbox 1175 4169 1280 4218; x_wconf 84' lang='lat' dir='ltr'><strong>relinere.</strong></span> <span class='ocrx_word' id='word_1_366' title='bbox 1322 4170 1384 4218; x_wconf 73' lang='grc'><strong>1144</strong></span> <span class='ocrx_word' id='word_1_367' title='bbox 1402 4170 1480 4220; x_wconf 73' lang='lat' dir='ltr'><strong>motis</strong></span> <span class='ocrx_word' id='word_1_368' title='bbox 1498 4173 1621 4220; x_wconf 86' lang='grc'><strong>4444444414</strong></span> 
     </span>
     <span class='ocr_line' id='line_1_38' title="bbox 338 4230 1619 4291; baseline 0.004 -13"><span class='ocrx_word' id='word_1_369' title='bbox 338 4230 420 4286; x_wconf 71' lang='lat' dir='ltr'><strong>Quare</strong></span> <span class='ocrx_word' id='word_1_370' title='bbox 439 4245 491 4291; x_wconf 82' lang='lat' dir='ltr'><strong>pem</strong></span> <span class='ocrx_word' id='word_1_371' title='bbox 504 4237 559 4280; x_wconf 78' lang='grc'><strong>576.</strong></span> <span class='ocrx_word' id='word_1_372' title='bbox 572 4243 607 4280; x_wconf 81' lang='lat' dir='ltr'><strong>est</strong></span> <span class='ocrx_word' id='word_1_373' title='bbox 622 4233 658 4281; x_wconf 74' lang='grc' dir='ltr'><strong>δ’.</strong></span> <span class='ocrx_word' id='word_1_374' title='bbox 674 4231 722 4282; x_wconf 64' lang='grc'><strong>16*</strong></span> <span class='ocrx_word' id='word_1_375' title='bbox 742 4241 771 4281; x_wconf 87' lang='lat' dir='ltr'><strong>ut</strong></span> <span class='ocrx_word' id='word_1_376' title='bbox 781 4233 911 4282; x_wconf 80' lang='grc'><strong>1144444444</strong></span> <span class='ocrx_word' id='word_1_377' title='bbox 925 4233 963 4282; x_wconf 86' lang='grc'><strong>144-</strong></span> <span class='ocrx_word' id='word_1_378' title='bbox 994 4234 1095 4285; x_wconf 80' lang='grc' dir='ltr'><strong>4444ιί444</strong></span> <span class='ocrx_word' id='word_1_379' title='bbox 1109 4233 1171 4284; x_wconf 80' lang='grc'><strong>41441</strong></span> <span class='ocrx_word' id='word_1_380' title='bbox 1186 4243 1288 4283; x_wconf 84' lang='grc'><strong>44444444</strong></span> <span class='ocrx_word' id='word_1_381' title='bbox 1299 4233 1347 4283; x_wconf 79' lang='grc'><strong>4141</strong></span> <span class='ocrx_word' id='word_1_382' title='bbox 1357 4235 1439 4283; x_wconf 83' lang='lat' dir='ltr'><strong>horem</strong></span> <span class='ocrx_word' id='word_1_383' title='bbox 1453 4237 1545 4284; x_wconf 77' lang='lat' dir='ltr'><strong>tertiam</strong></span> <span class='ocrx_word' id='word_1_384' title='bbox 1556 4247 1619 4284; x_wconf 80' lang='lat' dir='ltr'><strong>oote-</strong></span> 
     </span>
     <span class='ocr_line' id='line_1_39' title="bbox 337 4293 1620 4361; baseline 0.005 -21"><span class='ocrx_word' id='word_1_385' title='bbox 337 4293 602 4358; x_wconf 67' lang='grc'><strong>444414,4444444444441444.</strong></span> <span class='ocrx_word' id='word_1_386' title='bbox 994 4299 1098 4348; x_wconf 84' lang='lat' dir='ltr'><strong>bilisest.</strong></span> <span class='ocrx_word' id='word_1_387' title='bbox 1128 4299 1184 4348; x_wconf 76' lang='lat' dir='ltr'><strong>Alio</strong></span> <span class='ocrx_word' id='word_1_388' title='bbox 1194 4313 1242 4346; x_wconf 88' lang='grc'><strong>44444</strong></span> <span class='ocrx_word' id='word_1_389' title='bbox 1253 4298 1455 4361; x_wconf 79' lang='lat' dir='ltr'><strong>deounteremple</strong></span> <span class='ocrx_word' id='word_1_390' title='bbox 1464 4301 1620 4348; x_wconf 68' lang='lat' dir='ltr'><strong>maximorum</strong></span> 
     </span>
     <span class='ocr_line' id='line_1_40' title="bbox 368 4357 1616 4440; baseline 0 -31"><span class='ocrx_word' id='word_1_391' title='bbox 368 4357 406 4420; x_wconf 86' lang='lat'><strong>(¹)</strong></span> <span class='ocrx_word' id='word_1_392' title='bbox 420 4363 432 4390; x_wconf 76' lang='lat'>⁸</span> <span class='ocrx_word' id='word_1_393' title='bbox 446 4363 494 4409; x_wconf 77' lang='lat' dir='ltr'><strong>Per</strong></span> <span class='ocrx_word' id='word_1_394' title='bbox 507 4365 555 4410; x_wconf 80' lang='lat' dir='ltr'><strong>Cor.</strong></span> <span class='ocrx_word' id='word_1_395' title='bbox 571 4365 608 4411; x_wconf 82' lang='lat' dir='ltr'><strong>ts.</strong></span> <span class='ocrx_word' id='word_1_396' title='bbox 621 4369 644 4410; x_wconf 83' lang='lat' dir='ltr'><strong>et</strong></span> <span class='ocrx_word' id='word_1_397' title='bbox 659 4366 697 4410; x_wconf 80' lang='grc'><strong>90.</strong></span> <span class='ocrx_word' id='word_1_398' title='bbox 775 4361 875 4410; x_wconf 84' lang='lat' dir='ltr'><strong>liuidum</strong></span> <span class='ocrx_word' id='word_1_399' title='bbox 889 4361 914 4410; x_wconf 84' lang='lat' dir='ltr'><strong>io</strong></span> <span class='ocrx_word' id='word_1_400' title='bbox 928 4363 961 4412; x_wconf 91' lang='grc'><strong>41-</strong></span> <span class='ocrx_word' id='word_1_401' title='bbox 994 4363 1121 4411; x_wconf 56' lang='lat' dir='ltr'><strong>monum</strong></span> <span class='ocrx_word' id='word_1_402' title='bbox 1138 4363 1179 4440; x_wconf 89' lang='lat' dir='ltr'><strong>qui</strong></span> <span class='ocrx_word' id='word_1_403' title='bbox 1195 4373 1248 4426; x_wconf 66' lang='lat' dir='ltr'><strong>pon</strong></span> <span class='ocrx_word' id='word_1_404' title='bbox 1257 4378 1338 4412; x_wconf 85' lang='grc'><strong>4444444</strong></span> <span class='ocrx_word' id='word_1_405' title='bbox 1347 4365 1461 4412; x_wconf 76' lang='lat' dir='ltr'><strong>maximas</strong></span> <span class='ocrx_word' id='word_1_406' title='bbox 1472 4365 1616 4426; x_wconf 79' lang='lat' dir='ltr'><strong>contingunt.</strong></span> 
     </span>
     <span class='ocr_line' id='line_1_41' title="bbox 336 4424 1619 4489; baseline 0.004 -21"><span class='ocrx_word' id='word_1_407' title='bbox 336 4435 380 4468; x_wconf 86' lang='grc'><strong>444</strong></span> <span class='ocrx_word' id='word_1_408' title='bbox 397 4437 438 4482; x_wconf 80' lang='lat' dir='ltr'><strong>per</strong></span> <span class='ocrx_word' id='word_1_409' title='bbox 456 4424 601 4486; x_wconf 80' lang='lat' dir='ltr'><strong>superficiem</strong></span> <span class='ocrx_word' id='word_1_410' title='bbox 619 4425 721 4488; x_wconf 80' lang='lat' dir='ltr'><strong>cujusvis</strong></span> <span class='ocrx_word' id='word_1_411' title='bbox 738 4425 838 4486; x_wconf 73' lang='grc'><strong>41444444</strong></span> <span class='ocrx_word' id='word_1_412' title='bbox 854 4437 963 4475; x_wconf 77' lang='grc'><strong>44444444</strong></span> <span class='ocrx_word' id='word_1_413' title='bbox 996 4427 1051 4474; x_wconf 84' lang='lat' dir='ltr'><strong>Noa</strong></span> <span class='ocrx_word' id='word_1_414' title='bbox 1068 4427 1093 4474; x_wconf 90' lang='grc'><strong>144</strong></span> <span class='ocrx_word' id='word_1_415' title='bbox 1108 4427 1163 4489; x_wconf 78' lang='lat' dir='ltr'><strong>ipra</strong></span> <span class='ocrx_word' id='word_1_416' title='bbox 1177 4426 1280 4476; x_wconf 82' lang='grc'><strong>4414414114</strong></span> <span class='ocrx_word' id='word_1_417' title='bbox 1291 4427 1374 4476; x_wconf 83' lang='grc'><strong>4441414</strong></span> <span class='ocrx_word' id='word_1_418' title='bbox 1384 4429 1486 4475; x_wconf 69' lang='lat' dir='ltr'><strong>maxime</strong></span> <span class='ocrx_word' id='word_1_419' title='bbox 1497 4429 1568 4476; x_wconf 81' lang='grc'><strong>144444</strong></span> <span class='ocrx_word' id='word_1_420' title='bbox 1577 4441 1619 4473; x_wconf 88' lang='grc'><strong>444-</strong></span> 
     </span>
     <span class='ocr_line' id='line_1_42' title="bbox 336 4485 1620 4554; baseline 0.004 -23"><span class='ocrx_word' id='word_1_421' title='bbox 336 4485 488 4544; x_wconf 79' lang='grc'><strong>44444444444,</strong></span> <span class='ocrx_word' id='word_1_422' title='bbox 503 4489 620 4552; x_wconf 79' lang='lat' dir='ltr'><strong>simulque</strong></span> <span class='ocrx_word' id='word_1_423' title='bbox 630 4504 684 4536; x_wconf 86' lang='grc'><strong>44444</strong></span> <span class='ocrx_word' id='word_1_424' title='bbox 696 4489 789 4550; x_wconf 76' lang='grc'><strong>41444441</strong></span> <span class='ocrx_word' id='word_1_425' title='bbox 799 4499 865 4538; x_wconf 88' lang='lat' dir='ltr'><strong>motu</strong></span> <span class='ocrx_word' id='word_1_426' title='bbox 876 4490 961 4538; x_wconf 87' lang='grc'><strong>41444444</strong></span> <span class='ocrx_word' id='word_1_427' title='bbox 992 4499 1034 4546; x_wconf 70' lang='lat' dir='ltr'><strong>tn,</strong></span> <span class='ocrx_word' id='word_1_428' title='bbox 1049 4489 1110 4539; x_wconf 82' lang='grc'><strong>414444</strong></span> <span class='ocrx_word' id='word_1_429' title='bbox 1120 4507 1196 4554; x_wconf 86' lang='lat' dir='ltr'><strong>neque</strong></span> <span class='ocrx_word' id='word_1_430' title='bbox 1210 4495 1235 4540; x_wconf 84' lang='lat' dir='ltr'><strong>in</strong></span> <span class='ocrx_word' id='word_1_431' title='bbox 1246 4491 1302 4554; x_wconf 78' lang='lat' dir='ltr'><strong>ipsis</strong></span> <span class='ocrx_word' id='word_1_432' title='bbox 1311 4492 1413 4540; x_wconf 83' lang='grc'><strong>4414414114</strong></span> <span class='ocrx_word' id='word_1_433' title='bbox 1428 4491 1536 4554; x_wconf 80' lang='lat' dir='ltr'><strong>hybernis</strong></span> <span class='ocrx_word' id='word_1_434' title='bbox 1546 4489 1620 4537; x_wconf 80' lang='lat' dir='ltr'><strong>mcxi·</strong></span> 
     </span>
     <span class='ocr_line' id='line_1_43' title="bbox 336 4547 1621 4620; baseline 0.005 -24"><span class='ocrx_word' id='word_1_435' title='bbox 336 4547 453 4610; x_wconf 77' lang='lat' dir='ltr'><strong>paiodico</strong></span> <span class='ocrx_word' id='word_1_436' title='bbox 468 4551 615 4601; x_wconf 79' lang='lat' dir='ltr'><strong>uniformiter</strong></span> <span class='ocrx_word' id='word_1_437' title='bbox 625 4553 761 4611; x_wconf 71' lang='lat' dir='ltr'><strong>revolvem,</strong></span> <span class='ocrx_word' id='word_1_438' title='bbox 777 4563 853 4615; x_wconf 76' lang='lat' dir='ltr'><strong>porte·</strong></span> <span class='ocrx_word' id='word_1_439' title='bbox 863 4554 962 4616; x_wconf 70' lang='lat' dir='ltr'><strong>singilio</strong></span> <span class='ocrx_word' id='word_1_440' title='bbox 995 4551 1034 4602; x_wconf 77' lang='lat' dir='ltr'><strong>md</strong></span> <span class='ocrx_word' id='word_1_441' title='bbox 1044 4553 1113 4618; x_wconf 73' lang='lat' dir='ltr'><strong>friget</strong></span> <span class='ocrx_word' id='word_1_442' title='bbox 1123 4555 1213 4614; x_wconf 67' lang='grc'><strong>14144444</strong></span> <span class='ocrx_word' id='word_1_443' title='bbox 1230 4557 1270 4603; x_wconf 82' lang='lat' dir='ltr'><strong>sed</strong></span> <span class='ocrx_word' id='word_1_444' title='bbox 1281 4557 1372 4620; x_wconf 78' lang='lat' dir='ltr'><strong>integro</strong></span> <span class='ocrx_word' id='word_1_445' title='bbox 1382 4556 1472 4604; x_wconf 86' lang='lat' dir='ltr'><strong>circiter</strong></span> <span class='ocrx_word' id='word_1_446' title='bbox 1479 4569 1557 4601; x_wconf 83' lang='grc'><strong>4444444</strong></span> <span class='ocrx_word' id='word_1_447' title='bbox 1568 4563 1621 4614; x_wconf 83' lang='lat' dir='ltr'><strong>post</strong></span> 
     </span>
     <span class='ocr_line' id='line_1_44' title="bbox 336 4611 1621 4682; baseline 0.005 -25"><span class='ocrx_word' id='word_1_448' title='bbox 336 4611 408 4676; x_wconf 80' lang='lat' dir='ltr'><strong>hujus</strong></span> <span class='ocrx_word' id='word_1_449' title='bbox 418 4611 484 4661; x_wconf 80' lang='grc'><strong>441411</strong></span> <span class='ocrx_word' id='word_1_450' title='bbox 500 4631 541 4676; x_wconf 81' lang='lat' dir='ltr'><strong>per</strong></span> <span class='ocrx_word' id='word_1_451' title='bbox 555 4617 616 4665; x_wconf 85' lang='grc'><strong>41444</strong></span> <span class='ocrx_word' id='word_1_452' title='bbox 631 4617 764 4666; x_wconf 72' lang='grc'><strong>4444144414</strong></span> <span class='ocrx_word' id='word_1_453' title='bbox 774 4627 798 4666; x_wconf 83' lang='lat' dir='ltr'><strong>et</strong></span> <span class='ocrx_word' id='word_1_454' title='bbox 808 4616 927 4665; x_wconf 71' lang='grc'><strong>4444441444</strong></span> <span class='ocrx_word' id='word_1_455' title='bbox 937 4617 962 4663; x_wconf 83' lang='grc'><strong>14</strong></span> <span class='ocrx_word' id='word_1_456' title='bbox 994 4617 1091 4666; x_wconf 82' lang='grc'><strong>44144144</strong></span> <span class='ocrx_word' id='word_1_457' title='bbox 1105 4619 1222 4668; x_wconf 74' lang='lat' dir='ltr'><strong>metimus</strong></span> <span class='ocrx_word' id='word_1_458' title='bbox 1235 4620 1415 4682; x_wconf 82' lang='lat' dir='ltr'><strong>deprehenditur</strong></span> <span class='ocrx_word' id='word_1_459' title='bbox 1425 4617 1509 4667; x_wconf 74' lang='grc'><strong>4444414</strong></span> <span class='ocrx_word' id='word_1_460' title='bbox 1519 4617 1621 4678; x_wconf 73' lang='lat' dir='ltr'><strong>hymnis-</strong></span> 
     </span>
     <span class='ocr_line' id='line_1_45' title="bbox 336 4675 1622 4749; baseline 0.006 -28"><span class='ocrx_word' id='word_1_461' title='bbox 336 4675 437 4738; x_wconf 67' lang='lat' dir='ltr'><strong>eytygiis</strong></span> <span class='ocrx_word' id='word_1_462' title='bbox 452 4678 563 4735; x_wconf 62' lang='grc'><strong>44141444</strong></span> <span class='ocrx_word' id='word_1_463' title='bbox 574 4691 615 4739; x_wconf 76' lang='lat' dir='ltr'><strong>est,</strong></span> <span class='ocrx_word' id='word_1_464' title='bbox 632 4683 657 4728; x_wconf 86' lang='grc'><strong>144</strong></span> <span class='ocrx_word' id='word_1_465' title='bbox 668 4683 765 4744; x_wconf 75' lang='lat' dir='ltr'><strong>meridie</strong></span> <span class='ocrx_word' id='word_1_466' title='bbox 775 4691 798 4729; x_wconf 85' lang='lat' dir='ltr'><strong>et</strong></span> <span class='ocrx_word' id='word_1_467' title='bbox 808 4679 884 4730; x_wconf 83' lang='lat' dir='ltr'><strong>medii</strong></span> <span class='ocrx_word' id='word_1_468' title='bbox 895 4691 963 4729; x_wconf 83' lang='lat' dir='ltr'><strong>nocte</strong></span> <span class='ocrx_word' id='word_1_469' title='bbox 994 4695 1041 4744; x_wconf 86' lang='lat' dir='ltr'><strong>que</strong></span> <span class='ocrx_word' id='word_1_470' title='bbox 1051 4683 1154 4732; x_wconf 85' lang='grc'><strong>41144444.</strong></span> <span class='ocrx_word' id='word_1_471' title='bbox 1185 4683 1322 4734; x_wconf 69' lang='lat' dir='ltr'><strong>indubitati</strong></span> <span class='ocrx_word' id='word_1_472' title='bbox 1331 4699 1423 4749; x_wconf 87' lang='lat' dir='ltr'><strong>quoque</strong></span> <span class='ocrx_word' id='word_1_473' title='bbox 1433 4691 1522 4730; x_wconf 82' lang='grc'><strong>4444444</strong></span> <span class='ocrx_word' id='word_1_474' title='bbox 1532 4681 1622 4742; x_wconf 78' lang='lat' dir='ltr'><strong>experi-</strong></span> 
     </span>
     <span class='ocr_line' id='line_1_46' title="bbox 337 4739 1623 4810; baseline 0.005 -24"><span class='ocrx_word' id='word_1_475' title='bbox 337 4739 461 4788; x_wconf 83' lang='grc'><strong>4414414444</strong></span> <span class='ocrx_word' id='word_1_476' title='bbox 476 4751 559 4800; x_wconf 70' lang='grc'><strong>4444444</strong></span> <span class='ocrx_word' id='word_1_477' title='bbox 575 4743 601 4791; x_wconf 86' lang='lat' dir='ltr'><strong>in</strong></span> <span class='ocrx_word' id='word_1_478' title='bbox 632 4743 886 4795; x_wconf 78' lang='grc'><strong>4444444414414114441</strong></span> <span class='ocrx_word' id='word_1_479' title='bbox 900 4743 964 4792; x_wconf 80' lang='grc'><strong>44441</strong></span> <span class='ocrx_word' id='word_1_480' title='bbox 994 4741 1059 4793; x_wconf 72' lang='lat' dir='ltr'><strong>eutii</strong></span> <span class='ocrx_word' id='word_1_481' title='bbox 1074 4761 1193 4795; x_wconf 76' lang='lat' dir='ltr'><strong>summum</strong></span> <span class='ocrx_word' id='word_1_482' title='bbox 1210 4748 1310 4798; x_wconf 86' lang='grc'><strong>44144444</strong></span> <span class='ocrx_word' id='word_1_483' title='bbox 1321 4745 1422 4798; x_wconf 67' lang='lat' dir='ltr'><strong>mnndi</strong></span> <span class='ocrx_word' id='word_1_484' title='bbox 1437 4753 1478 4795; x_wconf 85' lang='grc'><strong>4444</strong></span> <span class='ocrx_word' id='word_1_485' title='bbox 1488 4743 1556 4794; x_wconf 82' lang='lat' dir='ltr'><strong>tertii</strong></span> <span class='ocrx_word' id='word_1_486' title='bbox 1570 4755 1623 4810; x_wconf 77' lang='lat' dir='ltr'><strong>post</strong></span> 
     </span>
     <span class='ocr_line' id='line_1_47' title="bbox 337 4802 1250 4876; baseline 0.011 -23"><span class='ocrx_word' id='word_1_487' title='bbox 337 4802 461 4861; x_wconf 77' lang='grc'><strong>4441444141,</strong></span> <span class='ocrx_word' id='word_1_488' title='bbox 471 4807 964 4876; x_wconf 69' lang='grc'><strong>4444444444444441444444444444444414444</strong></span> <span class='ocrx_word' id='word_1_489' title='bbox 994 4810 1250 4862; x_wconf 76' lang='lat' dir='ltr'><strong>nuidietnboriderl.</strong></span> 
     </span>
    </p>
   </div>
   <div class='ocr_carea' id='block_1_8' title="bbox 0 0 1814 5878">
    <p class='ocr_par' dir='ltr' id='par_1_8' title="bbox 0 0 1814 5878">
     <span class='ocr_line' id='line_1_48' title="bbox 0 0 1814 5878; baseline 0 0"><span class='ocrx_word' id='word_1_490' title='bbox 0 0 1814 5878; x_wconf 95' lang='lat' dir='ltr'><strong> </strong></span> 
     </span>
    </p>
   </div>
  </div>
 </body>
</html>
