3516 5870
419 539 608 646 ruuxus
629 578 691 643 ac
715 577 967 646 anrnuxus
990 575 1146 642 Mrnrs.
1354 577 1415 637 aar

143 739 307 816 cosinu=
271 775 355 838 =p,
372 753 441 818 sinu
422 749 668 924 sdeclinationis
684 747 837 813 Lunae-
803 779 837 802 =
858 751 900 828 Q,
917 751 1079 813 cosinu=
1097 771 1127 833 q,
1143 747 1241 831 major
1255 757 1347 808 aestus
1361 743 1418 807 fiat

364 851 1014 1045 ...ἕξ-ζ(ρι1-Ι-Ρρ(ἰ“ἓ)ἓ
984 882 1018 1011 ),
1045 895 1146 956 minor
1167 889 1241 954 vero
1265 911 1322 974 per
1347 911 1416 972 spa-

141 1489 478 1646 (p,q,4(1-
499 1480 599 1570 8g)
621 1478 876 1643 P⁵Q⁹)
863 1492 1070 1580 ig

465 1585 556 1664 (1·-
571 1579 674 1668 ag)²
852 1561 1070 1668 11688)-

141 1705 170 1782 (1
148 1693 442 1877 ῖιὲἕῖἑξ-ἶ
391 1689 496 1847 ἧς
518 1749 558 1792 ex
574 1725 634 1814 qui
656 1729 855 1862 expressione
875 1729 1062 1813 perspicitur
1075 1729 1227 1793 maximos
1241 1741 1335 1793 aestus
1349 1727 1418 1790 ubi·
1440 1699 1443 1704 ,

144 1924 213 1990 que,
247 1899 420 1986 siquidem
440 1899 536 1966 modo
556 1901 708 1967 recensito
736 1913 963 1978 mensurentur,
994 1900 1126 1965 Lunae
1116 1923 1151 1964 ιιι
1171 1901 1241 1985 ipso
1263 1909 1419 1984 aequatoce

141 2049 266 2134 degenti
281 2045 528 2133 respondere’
496 2045 556 2110 nrsi
571 2045 610 2110 sit
625 2013 812 2196 (¹0⁸ng
670 2005 874 2094 ΜΒ)
888 2047 918 2108 Ρ
929 2068 952 2131 p
962 2045 984 2124 ⁴²,
1005 2045 1066 2112 hoc
1080 2058 1126 2109 est
1139 2047 1199 2110 nisi
1213 2057 1343 2132 tangens
1358 2045 1420 2107 ele·

142 2261 272 2324 vationis
285 2259 351 2344 poli
364 2261 464 2346 major
479 2256 622 2344 sitqus'un
636 2229 807 2408 .''-8{·
828 2257 878 2322 his
892 2259 1199 2348 scilicetregionibus
1214 2259 1306 2323 etiam
1329 2257 1421 2321 Luna

141 2436 298 2500 declinans
321 2436 361 2500 ab
382 2446 540 2522 aequatore
561 2433 693 2518 majores
714 2443 807 2496 aestus
821 2433 982 2517 producet.
1026 2435 1108 2498 At
1084 2456 1110 2498 sr
1123 2445 1258 2518 ponatur
1276 2455 1350 2518 g
1316 2429 1418 2511 -θς,

140 2544 248 2626 prodit
268 2544 400 2608 elevatio
420 2543 494 2627 poli,
517 2540 571 2606 ubi
593 2541 702 2628 regula
721 2539 842 2625 prolata
861 2541 968 2606 fallere
990 2543 1108 2628 incipit,
1132 2541 1207 2617 66⁰3
1244 2541 1292 2604 sin
1318 2551 1420 2602 autern

140 2661 275 2734 ponatur
297 2671 320 2736 g
339 2677 373 2702 =
392 2651 442 2730 3¹„
465 2647 502 2711 fit
523 2647 652 2712 elevatio
672 2645 738 2730 poli
759 2647 857 2731 major
878 2647 971 2733 qulam
994 2657 1068 2724 58⁰3
1097 2661 1130 2712 at
1150 2648 1253 2732 posito
1273 2669 1295 2733 g
1313 2675 1346 2699 =
1368 2649 1418 2724 in

139 2756 283 2840 provenit
296 2755 361 2840 poli
374 2755 504 2818 elevatio
520 2759 583 2821 76⁰.
631 2752 712 2818 Crim
726 2755 822 2840 igitur
836 2755 869 2818 in
883 2755 958 2820 locis
973 2756 1054 2840 polis
1075 2770 1139 2822 tarn
1152 2756 1260 2819 vicinis
1275 2755 1421 2818 observa·

143 2865 243 2928 tiones
258 2864 375 2927 institui
388 2883 453 2926 non
468 2861 597 2938 soleant,
614 2861 771 2925 satistuto
784 2862 937 2926 affirmare
958 2865 1039 2942 licet,
1061 2864 1212 2927 maximos
1226 2873 1319 2924 aestus
1333 2881 1421 2924 men-

141 2985 243 3035 struos
267 2971 407 3034 accidere
432 2970 515 3033 circa
539 2969 735 3052 oequinoctia,
766 2969 792 3032 si
820 2970 946 3054 quidem
973 2973 1128 3057 quantitas
1156 2970 1250 3034 estis
1279 2969 1420 3054 quotidie

140 3088 336 3142 mensuretur
350 3097 406 3160 per
421 3073 558 3138 medium
573 3075 801 3150 arithmeticum
815 3076 1014 3160 interspatia,
1026 3101 1097 3163 quae
1112 3079 1175 3140 duo
1190 3089 1283 3140 astus
1298 3099 1419 3141 sueces-

141 3183 199 3247 sivi
213 3181 392 3246 conficiunt.

185 3295 208 3370 §.
228 3295 300 3351 111.
332 3285 421 3362 Quid
442 3307 525 3350 nunc
545 3285 631 3351 aliud
652 3285 692 3350 de
715 3286 834 3350 theorii
855 3287 960 3352 nostri
983 3289 1023 3352 sit
1043 3289 1247 3368 sentiendum,
1271 3289 1331 3352 nisi
1352 3311 1420 3354 earn

142 3421 247 3463 veram
263 3410 294 3462 et
307 3396 474 3484 genuinam
490 3395 584 3462 aestts
598 3396 691 3460 maris
707 3419 841 3475 causam,
857 3398 956 3482 qualis
971 3397 1011 3460 ab
1032 3397 1236 3462 illustrissima
1251 3398 1422 3462 Academia

145 3511 247 3600 Regia
259 3512 294 3573 in
307 3507 467 3594 propositi
482 3508 651 3594 quoestione
666 3507 866 3586 desideratur,
890 3510 923 3572 iu
938 3533 971 3574 se
984 3510 1157 3594 complecti,
1180 3531 1244 3572 non
1259 3505 1422 3574 videmus?

143 3619 218 3684 Non
242 3619 343 3682 solum
367 3619 451 3681 enirn
476 3617 579 3681 omnia
602 3616 819 3700 phoenomena,
844 3641 915 3703 quae
937 3619 971 3682 in
994 3633 1072 3684 aeatu
1093 3620 1187 3684 maris
1208 3621 1420 3692 observantur,

143 3723 225 3789 clare
247 3735 279 3787 et
299 3721 443 3788 distincte*
469 3722 699 3806 explicavimus,
725 3723 896 3787 sedetiam
920 3725 1114 3790 existentiam
1137 3725 1290 3790 actualem
1315 3743 1422 3788 earum

144 3833 264 3909 virium,
289 3831 401 3918 quibus
422 3827 480 3894 hos
503 3829 630 3893 effectus
652 3829 864 3908 adscribimus,
886 3831 1112 3896 evidentissime
1127 3831 1422 3904 demonstravimus3

147 3957 188 3998 cx
202 3958 263 4020 quo
277 3937 409 4000 efficitur
423 3957 548 4000 causam
563 3935 686 3998 anobis
701 3936 897 4022 assignatam,
916 3959 980 4001 non
994 3949 1114 4003 tanturn
1129 3939 1272 4002 omnibus
1294 3937 1423 4022 phaeno-

148 4041 247 4105 menis
269 4041 449 4118 satisfacere,
472 4041 528 4106 sed
550 4041 643 4106 etiam
657 4065 724 4106 esse
738 4042 861 4106 unicam
876 4065 946 4128 quae
960 4063 1032 4108 cum
1046 4044 1118 4108 verti
1134 4045 1300 4108 consistere
1321 4051 1422 4127 queat.

147 4147 246 4225 Quod
263 4148 289 4212 si
303 4149 384 4212 enim
398 4149 552 4236 quispiam
566 4150 641 4214 alias
656 4151 737 4216 vires
752 4151 916 4238 excogitet,
940 4152 1052 4237 quibus
1073 4153 1162 4239 aeque
1176 4153 1281 4218 omnia
1294 4151 1423 4238 phaeno-

147 4277 240 4319 mena
260 4256 415 4339 explicare
435 4268 549 4342 posset,
572 4256 691 4321 etiamsi
712 4256 773 4321 hoc
787 4256 856 4320 fieri
877 4279 968 4342 posse
983 4256 1108 4322 minime
1123 4258 1341 4333 concedamus,
1358 4259 1422 4341 ejus

148 4361 232 4427 certd
254 4361 418 4446 explicatio
433 4363 535 4428 subito
549 4362 726 4426 concideret
740 4374 772 4426 et
785 4375 974 4427 everteretur
988 4387 1007 4426 a
1021 4363 1136 4426 viribus
1154 4376 1269 4426 nostrae
1283 4362 1422 4441 theoriae,

148 4491 225 4555 quas
240 4466 366 4531 aliunde
386 4467 419 4530 in
433 4467 550 4533 mundo
564 4469 695 4533 existere
710 4467 834 4532 abunde
849 4480 970 4533 constat
978 4492 989 4546 3
1010 4469 1156 4556 quoniam
1170 4469 1210 4532 ab
1232 4468 1292 4532 illis
1307 4469 1424 4534 viribus
1477 4529 1479 4536 .

145 4573 336 4660 imaginariis
357 4572 468 4658 hisque
489 4575 623 4640 realibus
638 4576 826 4661 conjunctim
841 4576 966 4640 effectus
981 4577 1155 4661 duplicatus
1170 4579 1317 4663 consequi
1331 4579 1424 4644 debe-

146 4693 203 4758 ret,
220 4701 313 4764 quem
328 4679 519 4763 experientia
534 4695 701 4746 aversatur.
746 4681 840 4744 Nunc
854 4683 950 4768 igitur
963 4681 1052 4747 nobis
1068 4705 1189 4746 summo
1203 4684 1275 4768 jure
1289 4705 1424 4748 asserere

146 4811 238 4872 posse
253 4786 404 4864 videmur,
423 4809 525 4850 veram
542 4788 635 4852 oestirs
651 4789 744 4853 maris
761 4811 886 4852 causam
899 4789 932 4852 in
947 4789 1069 4854 duobus
1083 4791 1250 4856 vorticibus
1265 4813 1330 4856 esse
1344 4788 1426 4873 posi·
