3520 5884
163 535 253 668 'cla
269 601 332 683 ll]
540 603 607 694 ΑΡ
630 600 853 668 TERTIUM
876 602 1076 670 LIBRUM.
1132 597 1134 600 ’
1371 607 1459 672 xxvii

170 775 295 862 AqT,
319 772 926 861 itquadAT‚ide6queexoequo,
948 776 1034 840 sinus
1053 773 1249 859 parsllaxeos
1269 777 1461 854 AQTest

167 880 209 945 ad
231 884 336 946 sinum
356 881 551 965 parallaxeos
574 881 604 946 A
626 903 648 966 q
672 880 704 945 T
725 893 764 948 ut¹
781 904 802 966 q
825 881 857 944 Τ
871 879 912 944 ad
929 881 962 956 Q
977 880 1018 945 T.
1065 881 1116 944 Ex
1131 903 1194 966 quo
1208 881 1304 946 etiarn
1319 881 1459 968 sequitur

168 989 307 1054 siderum
327 989 360 1052 in
381 987 492 1053 eddam
513 988 677 1052 altitudine
698 1003 869 1073 apparente
889 988 1104 1066 existentium,
1118 986 1211 1074 hujus
1226 989 1377 1074 majorem
1391 1011 1459 1056 essa

168 1095 351 1182 paralluxim
367 1096 453 1182 quod
466 1093 569 1160 minsis
584 1095 679 1160 distat
692 1109 834 1162 acentro
849 1107 951 1162 terrae.

211 1216 262 1271 ³8.
287 1204 460 1270 Parallaxis
482 1203 665 1281 altitudinis,
689 1205 736 1268 uti
758 1204 800 1270 de
825 1203 1012 1270 refractione
1037 1203 1238 1283 dictumest,
1268 1204 1379 1273 sideris
1403 1203 1459 1272 de·

166 1313 373 1390 dicationem,
403 1312 615 1377 ascensionem
645 1325 772 1389 rectam,
803 1311 1034 1401 longitudinem
1059 1325 1092 1378 et
1115 1313 1313 1380 lau'tudlnmu
1338 1327 1456 1392 mumtt

165 1435 197 1487 et
217 1421 328 1487 eodem
350 1421 449 1486 modo
470 1444 534 1507 quo
555 1443 596 1485 ex
617 1421 802 1486 refractione
825 1422 998 1488 altitudinis
1024 1423 1227 1488 inveniuntur
1250 1424 1321 1490 alirn
1341 1423 1458 1490 refiac·
1592 1431 1600 1450 '

165 1531 285 1596 tionum
299 1529 428 1615 species,
444 1530 489 1593 sic
503 1551 544 1593 ex
559 1527 631 1594 dats
647 1529 802 1615 parallaxi
817 1530 989 1596 altitudinis
1003 1543 1157 1598 eruantur
1170 1533 1346 1617 pmallaxes
1361 1531 1457 1598 decli·

164 1638 318 1736 nationis.
339 1637 527 1702 ascensionis
557 1649 662 1715 recta,
693 1638 898 1726 longimtlinis
925 1651 959 1704 et
988 1639 1181 1718 latitudinis3
1219 1642 1296 1706 illud
1332 1665 1457 1730 quoque

164 1745 392 1811 observandum
413 1757 461 1810 est
482 1745 591 1810 sideris
613 1745 646 1808 in
665 1745 838 1809 meridiano
860 1745 1022 1811 existentis
1037 1747 1156 1812 nullam
1177 1771 1246 1816 esse
1267 1749 1457 1814 ascensionis

163 1868 258 1921 ractae
278 1855 496 1920 refractionem
515 1877 574 1920 nec
595 1853 797 1940 parallaxim3
822 1853 896 1919 crim
919 1857 1004 1920 enim
1022 1856 1195 1922 altitudinis
1209 1857 1457 1926 refractiosidus

164 1965 294 2044 attollat,
324 1979 356 2031 et
384 1965 555 2030 altitudinis
583 1965 751 2051 parallaxis
776 1965 855 2028 illud
885 1965 1050 2050 deprimat,
1081 1967 1115 2030 in
1140 1968 1253 2033 eodem
1281 1967 1457 2033 meridiano

164 2095 218 2138 seu
243 2073 360 2138 circulo
385 2072 600 2136 declinationis
627 2076 697 2157 (per
720 2072 809 2158 hyp.)
835 2074 977 2136 ascensio
1002 2086 1088 2138 recta
1112 2075 1187 2140 inde
1213 2099 1278 2140 non
1303 2089 1453 2144 mutatu.

166 2181 316 2246 Similiter
341 2182 368 2244 si
393 2180 528 2244 circttlus
548 2179 703 2244 verticalis
725 2179 758 2242 in
780 2201 844 2265 quo
865 2178 952 2244 sidus
972 2181 1128 2265 reperitur
1154 2183 1194 2248 sit
1218 2184 1259 2248 ad
1281 2185 1457 2271 eclipticam

162 2290 443 2376 perpendicularis,
460 2289 548 2354 nulla
561 2291 620 2354 erit
634 2287 839 2376 longitudinis
854 2288 1000 2354 refractio
1014 2290 1162 2377 nullaque
1176 2291 1362 2378 parallaxist
1382 2315 1457 2360 nans
1475 2367 1484 2378 ,

162 2396 197 2460 in
211 2395 273 2460 hoc
288 2418 363 2462 casu
377 2397 511 2460 circulus
526 2396 680 2464 verticalis
695 2407 743 2460 est
757 2395 850 2460 simul
865 2395 999 2459 circulus
1014 2396 1199 2477 latitudinis,
1223 2410 1256 2462 et
1269 2399 1408 2464 siderum
1423 2401 1457 2466 in

162 2503 274 2568 eodem
288 2503 460 2568 latitudinis
476 2504 593 2568 circulo
608 2503 807 2568 existentium
823 2501 989 2589 longitudo
1004 2517 1051 2569 est
1066 2503 1184 2570 eadem.

206 2619 258 2676 sl.
282 2610 368 2676 Datis
389 2609 562 2676 differentii
584 2609 791 2698 longitudinis
811 2610 952 2674 locorum
975 2611 1110 2678 duorum
1124 2613 1158 2678 in
1173 2613 1337 2699 superficie
1351 2627 1455 2696 teme,

86 2771 95 2780 .
162 2741 220 2783 seu
244 2719 319 2785 dato
344 2741 420 2785 arcu
445 2720 614 2806 aequatoris
639 2719 887 2784 interlocutum
909 2719 1035 2784 illorum
1056 2721 1245 2788 meridianos
1269 2725 1454 2814 intercepto,

133 2845 136 2863 ¹
163 2827 257 2892 datur
277 2839 402 2913 tempus
424 2849 488 2914 quo
511 2827 567 2893 Sol
587 2827 637 2891 vel
658 2827 747 2891 stella
761 2825 827 2890 fixa
841 2826 881 2890 ab
896 2847 962 2893 uno
975 2813 1149 2896 meridiano
1164 2831 1205 2896 ad
1219 2831 1353 2898 alterum
1367 2845 1456 2898 motu

163 2933 277 3000 diurno
298 2933 410 2999 transit
431 2935 500 3019 (16)
511 2958 521 3012 ;
543 2947 576 3000 et
596 2932 670 2998 inde
692 2933 818 2998 definiri
837 2945 942 3018 potest
963 2946 1070 3002 utrum
1090 2937 1325 3008 observationes
1345 2941 1378 3004 in
1393 2941 1454 3007 illis

165 3039 288 3105 duobus
310 3040 387 3104 locis
409 3039 536 3118 habitae,
559 3039 770 3125 respondeant
789 3039 892 3106 eidem
910 3041 1061 3125 temporis
1085 3043 1221 3108 absoluti
1240 3058 1400 3112 momento
1414 3070 1455 3112 an

163 3169 237 3214 non.
294 3151 398 3216 Facile
424 3151 508 3216 idem
533 3149 702 3215 innotescit
728 3171 786 3236 per
811 3150 914 3214 Lunae
940 3161 972 3214 et
996 3149 1084 3218 Jovis
1110 3153 1278 3220 satellitum
1303 3156 1454 3242 eclipsest

165 3257 276 3322 eodern
295 3260 379 3323 enim
400 3271 559 3323 momento
582 3258 731 3342 temporis
753 3255 875 3340 eclipsis
890 3257 949 3320 ini·
1014 3259 1018 3267 ’

162 3367 241 3431 tium
255 3389 292 3431 ac
308 3367 389 3446 finis,
410 3379 441 3432 et
451 3367 644 3431 macularum
657 3367 690 3430 in
702 3365 794 3430 Luni
805 3369 952 3429 notarum

162 3475 322 3540 immersio
337 3476 371 3540 in
387 3476 529 3540 umbram
553 3474 599 3538 vel
624 3476 757 3539 emersio
779 3495 819 3538 ex
840 3471 953 3537 umbri
1094 3477 1123 3538 O

164 3603 205 3648 ex
227 3583 372 3647 omnibus
398 3596 490 3648 terrae
512 3582 589 3648 locis
613 3581 697 3646 unde
720 3581 858 3666 conspici
879 3602 952 3664 pos-

164 3703 237 3756 sunt
258 3691 411 3770 videntur,
435 3691 528 3778 atque
544 3713 585 3756 ex
599 3690 649 3754 his
664 3689 880 3775 phaenomenis
892 3687 951 3752 dif-

164 3797 296 3864 ferentia
316 3799 520 3886 longitudinis
545 3798 690 3873 locorum
715 3797 950 3862 determinatur.

166 3906 231 3972 His
240 3909 348 3992 positis
358 3908 383 3972 si
393 3931 434 3972 ex
444 3908 521 3972 locis
533 3907 656 3971 duobus
668 3909 700 3970 A
715 3917 747 3970 et
763 3905 801 3984 B,
814 3929 949 3992 quorum

167 4013 314 4081 distantia
339 4017 370 4080 A
394 4017 428 4083 D
455 4017 484 4080 B
509 4016 583 4081 data
603 4027 659 4094 est,
681 4014 882 4101 phoenonreni
901 4014 951 4079 vel

167 4123 274 4188 sideris
299 4124 326 4188 P
347 4125 381 4188 in
401 4124 498 4209 plano
514 4123 652 4190 verticuli
666 4125 698 4188 Λ
714 4122 742 4188 Ρ
759 4122 787 4187 Β
803 4123 844 4202 Τ,
868 4123 950 4188 exis-

167 4231 258 4294 tentis
279 4231 458 4298 altitudines
479 4245 664 4318 apparentes
679 4245 710 4296 et
725 4255 744 4296 a
758 4230 950 4296 refractioni·

167 4338 228 4403 bus
242 4337 348 4403 liberae
363 4340 535 4404 observatae
549 4339 666 4404 fuerint
675 4339 786 4403 eodem
798 4351 949 4424 tempore,

163 4445 298 4510 inveniri
321 4449 436 4532 poterit
457 4448 566 4533 puncti
591 4447 619 4512 P
640 4447 808 4533 parallaxis
831 4460 861 4511 et
887 4447 950 4511 dis-

164 4555 262 4618 tantia
276 4577 297 4618 a
311 4567 417 4618 centro
431 4567 524 4622 terrae
540 4556 568 4621 P
583 4556 626 4621 T.
672 4555 755 4620 Nam
769 4577 828 4641 per
843 4555 949 4620 obser-

128 4727 148 4742 ,
163 4662 320 4726 rationem
346 4661 514 4728 altimdinis
544 4665 722 4750 apparentis
747 4665 781 4729 in
805 4664 876 4729 loco
902 4667 944 4744 A,

165 4769 258 4838 datur
280 4773 415 4862 angtrlus
439 4773 467 4838 C
485 4776 516 4862 ll
532 4776 571 4856 P,
594 4775 742 4840 datantia
761 4797 914 4862 apparens
929 4775 1039 4840 sideris
1058 4797 1078 4840 a
1098 4773 1213 4840 vertice
1226 4784 1259 4838 et
1271 4769 1346 4838 inde
1361 4773 1452 4840 datur
