3520 5884
157 541 270 608 Ltnnn
281 537 447 605 Taurios.
509 533 752 604 PRINCIPIA
777 533 1146 615 MATHEMATICA.
1401 548 1442 605 aa

716 869 875 936 scholiam.

205 1083 369 1152 Hactenus
390 1079 453 1142 vim
475 1078 560 1144 illam
582 1077 644 1166 qud
666 1100 798 1166 corpora
820 1079 957 1144 coelestia
974 1079 1008 1141 in
1028 1076 1156 1141 orbibus
1178 1075 1241 1140 suis
1256 1077 1439 1157 retinentur,

33 1281 39 1288 ι
157 1190 361 1275 centripetam
386 1187 618 1273 appellavimus.
671 1185 815 1252 Eandem
839 1189 907 1274 jam
936 1187 1121 1276 gravitatem
1151 1206 1219 1248 esse
1248 1197 1379 1264 constat,
1409 1199 1442 1250 et

153 1309 322 1382 propterea
335 1293 520 1382 gravitatem
539 1292 572 1356 in
591 1303 754 1378 posterum
766 1293 957 1357 vocabimus.
1002 1291 1087 1358 Nam
1103 1313 1196 1392 causa
1210 1291 1256 1354 vis
1270 1289 1353 1354 illius
1368 1313 1442 1356 oen-

152 1403 285 1490 tripete,
301 1403 363 1490 qui
379 1402 473 1468 Luna
486 1402 638 1468 retinetur
652 1401 686 1464 in
700 1401 786 1480 orbe,
803 1401 929 1467 extendi
944 1401 1038 1466 debet
1048 1401 1089 1466 ad
1104 1421 1212 1465 omnes
1228 1399 1370 1485 planetas
1383 1423 1441 1487 per

155 1511 238 1602 Reg.
256 1521 285 1577 1.
302 1519 332 1576 2.
349 1523 381 1576 et
396 1520 426 1575 4.
1057 1563 1061 1570 .
1148 1599 1162 1662 ἴ

415 1760 702 1829 rnoeosrmo
723 1762 785 1828 vr.
828 1721 1101 1830 annonaria
1123 1761 1183 1826 vr.

156 1945 293 2030 Corpora
308 1949 410 2010 arania
428 1949 461 2011 in
470 1949 615 2029 planetas
629 1948 761 2032 singulos
771 1949 941 2032 gravitare,
959 1957 988 2010 et
1003 1949 1143 2029 pondero
1159 1968 1258 2012 eoram
1273 1947 1307 2010 in
1321 1947 1442 2009 academ

196 2057 326 2140 pennis
334 2058 503 2138 planetam,
514 2057 644 2139 paribus
659 2058 816 2120 distantiis
827 2078 847 2117 a
857 2066 959 2119 centro
967 2058 1113 2138 planeta,
1122 2057 1371 2142 proportionalia
1383 2075 1443 2119 esse

196 2164 367 2247 quantitati
381 2163 517 2224 materia
533 2165 566 2225 in
580 2163 717 2248 singulis.

199 2359 236 2442 (¹)
259 2360 440 2425 Descensus
460 2361 603 2448 gravium
625 2361 766 2424 omnium
787 2361 820 2423 in
846 2358 980 2425 Terram
1004 2357 1144 2444 (dempti
1169 2361 1278 2424 saltem
1298 2356 1444 2446 inaequali

153 2466 366 2531 retardatione
389 2489 461 2553 quae
482 2490 524 2531 ex
541 2469 621 2531 airis
646 2467 818 2556 perexigui
843 2467 1018 2533 resistenti&
1038 2469 1150 2551 oritur)
1174 2469 1345 2556 aequalibus
1365 2483 1443 2533 tem·

151 2572 283 2658 poribus
298 2571 377 2649 fieri,
389 2571 577 2659 jamdudum
591 2573 796 2638 observarunt
811 2573 863 2640 alii
871 2599 880 2651 ;
904 2585 936 2638 et
950 2573 1177 2640 accuratissimi
1193 2575 1320 2661 quidem
1334 2588 1443 2638 notare

89 2679 93 2686 '
153 2679 228 2746 lioet
249 2681 460 2767 aequalitatem
481 2693 657 2767 temporum
672 2682 873 2767 inpendnlis.
921 2685 1004 2749 Rem
1019 2686 1135 2749 tentavi
1150 2687 1183 2749 in
1198 2709 1284 2763 auro,
1301 2697 1442 2773 argento,

153 2789 294 2875 plumbo,
317 2789 408 2868 vitro,
434 2787 538 2868 mend,
564 2789 628 2855 sale
651 2791 816 2868 communi,
832 2791 929 2880 ligno,
946 2791 1036 2879 aqud,
1053 2793 1165 2857 tritico.
1212 2791 1443 2878 Comparabam

153 2895 285 2982 pyxides
311 2895 390 2960 duas
415 2895 536 2984 ligneas
558 2895 708 2963 rotundas
730 2909 762 2962 et
785 2897 930 2984 aequales.
977 2897 1084 2964 Unam
1106 2899 1276 2984 implebam
1294 2899 1392 2988 ligno,
1413 2908 1445 2960 et

154 3002 238 3068 idem
259 3003 327 3066 auri
348 3002 473 3088 pondus
495 3003 724 3088 suspendebam
747 3003 855 3091 (quim
875 3005 965 3089 potui
986 3003 1108 3086 exacte)
1132 3007 1165 3070 in
1186 3003 1311 3070 alterius
1335 3013 1443 3069 centro

155 3112 366 3178 oscillationis.
422 3113 560 3199 Pyxidas
581 3114 622 3180 ab
644 3113 816 3199 aequalibus
846 3114 962 3199 pedum
992 3113 1139 3178 undecim
1168 3113 1229 3176 filis
1259 3112 1442 3200 pendenteS,

158 3213 388 3284 constituebant
401 3219 556 3305 pendula3
579 3219 684 3304 quoad
697 3218 831 3303 pondus,
848 3219 992 3307 figuram,
1017 3232 1048 3284 et
1062 3221 1142 3284 aeris
1158 3219 1363 3284 resistentiam
1378 3239 1444 3282 om·

154 3325 231 3389 nino
245 3327 350 3410 paria:
374 3337 406 3390 et
419 3325 548 3412 paribus
563 3325 815 3404 oscillationibus,
828 3327 921 3411 juxta
933 3327 1054 3411 positae,
1072 3327 1159 3390 ibant
1176 3325 1239 3389 und
1254 3338 1286 3388 et
1300 3323 1444 3389 redibant

153 3433 337 3498 diutissimd.
382 3435 419 3518 (¹)
436 3433 575 3498 Proinde
590 3435 680 3519 copia
695 3435 833 3498 materiae
847 3437 880 3498 in
895 3457 972 3499 auro
993 3439 1063 3520 (per
1080 3435 1187 3499 Corol.
1207 3444 1235 3499 1.
1252 3447 1284 3499 et
1298 3443 1327 3500 6.
1345 3433 1442 3519 Prop.

154 3537 287 3605 XXIV.
304 3538 376 3604 Lib.
393 3537 453 3620 li.)
476 3552 543 3605 arat
564 3539 604 3604 ad
627 3541 749 3624 copiam
763 3540 904 3605 materia
926 3542 959 3604 in
973 3540 1071 3628 ligno,
1094 3542 1190 3605 utris
1207 3542 1345 3606 motricis
1361 3541 1442 3606 actio
1460 3551 1463 3558 '

155 3647 190 3712 in
204 3657 306 3712 totum
321 3667 434 3712 aurum
448 3647 490 3712 ad
505 3647 645 3734 ejusdem
659 3649 813 3714 actionem
827 3650 861 3714 in
876 3661 977 3714 totum
990 3649 1112 3738 lignum
1120 3674 1130 3727 3
1150 3651 1212 3716 hoc
1232 3664 1289 3728 est,
1312 3663 1349 3716 ut
1362 3673 1442 3736 pon-
1497 3725 1499 3732 Ι

153 3756 212 3822 dus
226 3757 268 3824 ad
281 3758 418 3844 pondus.
464 3757 507 3824 Et
521 3758 567 3823 sic
580 3758 614 3822 in
629 3759 759 3824 caeteris.
805 3759 844 3825 In
859 3760 1043 3845 corporibus
1059 3759 1196 3846 ejusdem
1217 3757 1366 3844 ponderis
1382 3757 1442 3822 dif-

153 3865 283 3932 fereutia
296 3867 447 3944 materiae,
464 3889 535 3953 quoe
549 3867 599 3931 vel
612 3867 716 3932 mitior
727 3880 809 3933 easet
819 3867 915 3955 quim
925 3891 998 3954 pars
1009 3868 1173 3934 millesima
1183 3869 1323 3933 materiae
1333 3869 1438 3948 totius,

153 3975 202 4042 his
216 3979 437 4064 experimentis
451 3975 617 4043 manifesta
631 3977 824 4063 deprehendi
846 3979 957 4064 potuit.
1001 3979 1074 4044 Jam
1087 3975 1163 4043 rard
1177 3991 1322 4044 naturam
1337 3978 1440 4065 gravi·

153 4087 224 4154 tatis
238 4087 271 4153 in
285 4091 426 4176 planetas
440 4088 574 4155 eandem
587 4111 656 4154 esse
669 4099 763 4174 atque
777 4087 811 4152 in
826 4088 971 4167 Terram,
987 4111 1052 4154 non
1067 4099 1114 4154 est
1127 4087 1268 4153 dubium.
1314 4085 1440 4152 Elevan'

156 4197 241 4261 enim
255 4198 415 4290 tingantur
430 4221 564 4287 corpora
577 4197 648 4264 hac
661 4198 819 4264 terrestria
833 4195 874 4262 ad
889 4219 987 4284 usqne
998 4197 1107 4262 orbem
1119 4195 1232 4274 Lunae,
1248 4206 1280 4260 et
1294 4193 1357 4259 una
1368 4217 1439 4262 cum

1063 4315 1091 4364 ts.

184 4404 782 4522 (:):Iletmoenpt²aagraaiamomaiam(8.tib.1.).
814 4409 905 4486 reeta·
922 4407 967 4458 Sed
984 4407 1076 4522 pocrrdm
1091 4361 1273 4520 cdrprparatiprp
1289 4405 1439 4520 agipedplvis

152 4471 219 4584 ..a
240 4533 266 4582 tn
288 4485 574 4588 ..a‘ttttt‘tm
591 4475 783 4599 tmere
814 4471 1437 4614 {amitttat..tatastat

153 4599 339 4660 wmpmtl'vum
356 4607 379 4646 tt
390 4602 528 4661 quadratum
539 4602 651 4664 temporis
661 4601 748 4650 directd
759 4613 783 4652 et
813 4611 878 4650 terna
893 4601 919 4648 in
933 4599 998 4664 ligno
1008 4611 1036 4648 ut
1045 4601 1081 4648 rls
1091 4599 1192 4647 motrlais
1203 4599 1262 4646 actio
1272 4599 1297 4646 in
1309 4609 1383 4647 totum
1394 4615 1437 4647 au·

153 4661 278 4724 longitudo
295 4662 394 4723 penduli
412 4665 500 4714 inversi
519 4669 571 4728 (per
591 4668 645 4716 Cor.
663 4672 685 4715 6.
708 4668 778 4728 Prop.
813 4681 867 4714 rnrn
885 4665 916 4714 ad
933 4663 1037 4728 ejusdem
1053 4663 1167 4712 actionem
1183 4663 1320 4727 irrignum,
1336 4666 1380 4712 hoc
1394 4672 1436 4722 ast,

156 4725 259 4774 xxiv.
272 4727 327 4776 Lib.
343 4727 395 4788 ll.)
407 4727 504 4791 ideaque
513 4731 571 4780 datia
582 4741 686 4792 tempore
696 4740 720 4778 et
730 4731 782 4778 lon·
814 4733 868 4792 <per
888 4731 941 4779 Cor.
959 4734 979 4777 1.
994 4729 1064 4791 Prop.
1080 4727 1182 4778 xxiv.
1197 4728 1249 4776 Lm
1266 4727 1319 4790 Il.)
1337 4737 1365 4776 ut
1378 4743 1437 4790 pon-

155 4789 261 4852 gitudine
276 4790 381 4852 penduli,
400 4801 428 4840 ut
443 4794 535 4854 pondua
550 4795 731 4857 eomparativum
746 4793 781 4842 di·
813 4793 858 4842 dua
868 4793 898 4843 ad
909 4793 1006 4855 pondua
1045 4805 1047 4810 ·
