3516 5870
400 425 591 493 FLUXUS
612 425 675 491 AC
698 421 951 490 REFLUXUS
974 420 1134 486 MARIS.
1343 427 1401 483 341

125 679 160 706 =
170 600 303 768 {Q
317 643 351 726 (9
364 637 446 724 pep
461 649 494 717 ψ
510 633 678 721 pi-r⁵).
713 634 765 699 Ex
779 631 839 696 hdo
852 631 949 720 igitur
958 630 1091 697 formuld
1103 631 1250 716 sequitur,
1264 631 1291 695 si
1306 631 1407 696 Lunae

126 809 292 875 declinatio
313 813 352 876 sit
376 812 463 876 nulla
484 833 538 874 seu
554 807 587 885 Q
607 831 638 867 =
659 818 691 886 0,
713 819 780 872 tum
794 807 916 871 nullum
931 807 1059 870 omnino
1073 819 1183 871 aestum
1198 805 1230 868 in
1247 805 1287 871 M
1301 806 1408 869 obser·

126 917 193 980 vari
208 917 332 982 debere.
377 916 472 994 Quod
494 916 521 980 si
543 927 647 979 autem
668 911 762 978 Luna
782 911 896 977 habeat
915 911 1084 990 borealem,
1106 924 1173 976 tum
1188 912 1228 976 ud
1245 913 1408 976 transitum

128 1064 229 1128 Lunae
250 1087 308 1152 per
328 1062 534 1127 meridianum
556 1058 749 1144 superiorem
769 1079 883 1145 aquam
904 1057 1003 1122 attolli
1023 1056 1065 1120 ad
1086 1056 1219 1141 spatium
1238 1015 1401 1186 {iffi-gig

127 1241 160 1322 (9
174 1185 260 1322 Pip
279 1246 312 1314 †
331 1234 435 1322 p³·-
449 1257 465 1298 r
479 1233 504 1314 8)
515 1258 524 1313 3
546 1245 578 1297 at
598 1231 675 1296 dum
696 1231 790 1296 Luna
810 1231 843 1294 in
864 1231 1014 1296 alterutro
1035 1232 1152 1297 circulo
1172 1230 1298 1294 horario
1320 1243 1410 1293 sexto

125 1354 274 1420 versetur,
301 1353 368 1405 tum
393 1363 505 1428 aquam
530 1337 571 1403 ad
596 1337 732 1402 libellam
762 1337 936 1402 naturalem
965 1336 1032 1402 fore
1060 1338 1278 1414 constitutam3
1317 1333 1420 1400 Lund-

126 1464 230 1516 autem
252 1449 335 1514 infra
354 1449 549 1514 horizontem
561 1445 602 1512 ad
624 1447 830 1510 meridianum
844 1443 1028 1531 appellente,
1051 1468 1161 1532 aquam
1178 1445 1259 1509 infru
1272 1443 1409 1508 libellam

126 1599 308 1683 depressum
322 1597 361 1662 iri
374 1621 432 1686 per
448 1599 581 1685 spatium
601 1623 633 1660 =
652 1557 770 1726 ξῙΟ-Ιῖ
787 1599 821 1680 (9
837 1594 926 1680 Pip
945 1604 978 1671 4-
997 1593 1105 1681 p³-
1118 1619 1136 1659 r
1149 1595 1195 1679 3);
1220 1597 1410 1662 contrarium

127 1761 260 1854 denique
280 1767 347 1833 fore
367 1781 487 1848 testum,
511 1769 537 1833 si
563 1767 656 1834 Luna
676 1767 790 1832 habeat
810 1764 1049 1832 declinationem
1069 1767 1247 1831 australem.
1294 1767 1333 1831 In
1355 1765 1410 1830 tali

126 1877 222 1964 igitur
241 1879 336 1942 maris
358 1891 459 1944 tractu
481 1879 620 1966 quotidie
641 1877 735 1942 semel
749 1889 870 1942 tantum
884 1899 964 1964 aqua
979 1875 1094 1955 affluet,
1118 1877 1275 1964 semelque
1290 1878 1408 1953 refluet,

128 1987 154 2050 si
169 1987 297 2073 quidem
312 1987 404 2052 Luna
417 1987 533 2052 habeat
546 1986 805 2062 declinationem
826 2007 900 2050 nam
914 1985 941 2050 si
955 1983 1050 2050 Luna
1062 1997 1252 2073 aequatorem
1267 1996 1410 2070 occupat,

127 2103 220 2156 aestus
235 2091 363 2157 omnino
378 2094 438 2158 erit
451 2094 566 2158 nullus.
1087 2175 1090 2180 Ι

171 2205 195 2280 t.
214 2207 286 2264 180.
309 2199 360 2264 Ex
382 2199 444 2264 hoc
466 2222 540 2266 casu
561 2198 718 2285 aptissime
743 2199 893 2286 explicari
917 2221 1010 2285 posse
1034 2199 1157 2265 videtur
1180 2199 1412 2284 phaenomenon

126 2304 203 2368 illud
219 2305 314 2372 aestus
329 2305 505 2394 singularis,
528 2305 629 2394 quiin
643 2317 738 2390 portu
753 2305 915 2392 Tunquini
928 2305 969 2369 od
985 2305 1134 2370 Batsham
1149 2306 1340 2384 observatur,
1357 2305 1411 2370 ubi

126 2413 255 2478 omninb
275 2427 311 2478 ut
332 2415 366 2478 in
386 2425 541 2499 praesente
562 2437 636 2480 casu
650 2414 727 2479 dum
743 2414 836 2480 Luna
850 2416 883 2478 in
897 2425 1056 2502 aequatore
1070 2425 1220 2491 versatur,
1240 2406 1327 2477 mare
1340 2413 1412 2478 nul·

128 2520 193 2583 lum
215 2531 327 2584 oestum
348 2519 458 2596 sentit3
480 2533 512 2584 at
532 2519 609 2584 dum
632 2519 724 2584 Luna
738 2530 915 2584 removetur
929 2518 969 2583 ab
983 2529 1142 2604 aequatore
1156 2517 1205 2580 vel
1227 2516 1333 2583 versds
1354 2519 1412 2582 bo-
1510 2559 1513 2568 ,

126 2647 211 2690 reom
232 2625 282 2690 vel
302 2615 409 2690 vereda
431 2625 580 2703 austrum,
607 2625 746 2712 quotidie
766 2649 847 2712 aqua
868 2625 963 2690 semel
988 2637 1109 2688 tantum
1134 2623 1232 2687 affluit
1255 2624 1412 2711 semelque

125 2731 237 2808 refluit,
259 2753 390 2816 prorsus
411 2742 447 2794 ut
467 2730 605 2796 calculus
625 2732 826 2807 monstravit3
850 2731 968 2795 scilicet
981 2731 1007 2794 si
1024 2729 1126 2794 Lunae
1141 2729 1306 2794 declinatio
1320 2731 1414 2797 suerit

124 2836 268 2914 borealis,
292 2859 374 2923 aqua
389 2836 496 2902 versds
518 2836 622 2902 Lunae
637 2859 791 2915 occasum,
815 2838 876 2902 hoc
890 2852 938 2903 est
958 2853 1029 2922 post
1044 2837 1209 2902 transitum
1233 2837 1334 2903 Lunae
1354 2862 1412 2924 per

125 2941 331 3005 meridianum
345 2963 440 3025 super
453 2941 626 3019 horizonte,
642 2943 749 3022 affluit,
765 2942 872 3008 vereris
887 2957 991 3008 ortum
1006 2942 1081 3008 verb
1095 2943 1212 3021 defluit,
1229 2967 1300 3030 quae
1314 2961 1411 3011 retar-

128 3047 214 3112 datio
235 3047 275 3112 ab
297 3047 407 3112 inertid
429 3070 519 3133 aquae
541 3060 572 3112 et
593 3059 681 3111 motu
703 3046 744 3112 ad
765 3047 869 3113 littora
882 3048 1047 3132 provenire
1061 3046 1244 3134 intelligitur
1259 3062 1294 3112 ut
1307 3047 1411 3134 auprri.

128 3153 249 3220 Contra
268 3153 344 3220 verb
367 3155 394 3219 si
416 3155 518 3220 Lunoe
540 3155 708 3221 declinatio
724 3155 764 3220 eit
785 3155 938 3233 australis,
961 3177 1043 3242 aqua
1056 3155 1241 3240 deprimitur
1263 3153 1355 3220 Lund
1371 3155 1412 3220 ad

126 3285 271 3328 occasum
293 3262 471 3342 inclinante,
498 3263 591 3328 Luni
619 3277 724 3330 autem
747 3265 877 3342 oriente,
908 3265 1075 3330 attollitur:
1109 3287 1181 3350 quae
1203 3263 1412 3349 phaenomena

125 3367 266 3454 apprime
282 3369 471 3434 conveniunt
485 3391 557 3433 cum
572 3392 646 3436 casu
660 3371 756 3435 modo
770 3371 922 3456 exposito.
965 3370 1023 3436 Est
1037 3384 1188 3456 praeterea
1202 3373 1332 3436 elevatio
1346 3373 1411 3458 poli

127 3476 289 3562 Tunquiui
304 3483 368 3540 20⁰.
385 3478 446 3541 ὅθ’.
464 3476 608 3554 borealis,
618 3482 717 3563 'atque
731 3499 816 3541 mare
830 3477 976 3562 utrinque
989 3474 1062 3541 cdm
1083 3477 1259 3542 Peninsulis
1273 3477 1340 3542 tdm
1357 3481 1411 3545 ln·

125 3581 201 3646 aulis
216 3582 256 3646 ab
272 3593 405 3666 utroque
420 3581 550 3647 Oceano
567 3581 704 3647 Pacifico
719 3597 751 3648 et
766 3582 877 3648 Indico
891 3581 955 3646 fere
974 3604 1100 3668 prorsus
1114 3596 1285 3666 separatur,
1301 3585 1409 3650 saltem

128 3704 164 3755 ut
184 3691 284 3756 libera
297 3693 539 3758 communicatio
559 3716 625 3758 non
646 3694 744 3759 adsitt
766 3705 919 3780 praeterea
932 3693 984 3759 hic
998 3693 1082 3758 idem
1097 3695 1191 3760 maris
1207 3707 1333 3774 tractus,
1357 3697 1410 3783 qui

128 3797 237 3862 veredo
258 3799 387 3864 boream
407 3799 448 3864 ad
470 3799 575 3864 littora
601 3801 705 3889 Regni
727 3801 889 3888 Tunquini
911 3801 1103 3878 terminatur,
1127 3800 1306 3866 extenditur
1328 3801 1410 3866 ultra

127 3915 314 3988 tequatorem
336 3905 376 3970 ad
401 3907 519 3995 gradus
543 3909 666 3973 circiter
686 3916 739 3974 45.
762 3909 849 3994 cujus
870 3905 1041 3972 latitudinis
1063 3907 1148 3972 sinus
1168 3906 1291 3971 circiter
1311 3906 1410 3992 duplo

126 4009 227 4093 major
241 4019 298 4084 est,
322 4009 415 4095 qudm
430 4011 515 4076 sinus
536 4011 708 4076 latitudinis
730 4012 863 4076 borealis
885 4009 949 4077 20⁰.
965 4014 1046 4078 alt:
1068 4013 1215 4100 quocirca
1228 4035 1268 4078 ex
1286 4011 1334 4077 his
1349 4013 1410 4076 cir·

126 4099 322 4178 cumstantiis
332 4136 389 4200 per
398 4129 538 4182 nostram
550 4117 702 4182 theoriam
713 4118 822 4182 eedem
838 4119 906 4203 ipsa
916 4117 1085 4206 cingularia
1097 4117 1306 4205 phaenomena
1315 4119 1409 4183 oestirs

125 4221 221 4286 maris
237 4221 395 4288 observari
414 4225 538 4305 debent,
560 4247 631 4312 quae
645 4238 716 4292 actu
731 4227 954 4292 observantur:
978 4239 1071 4312 atque
1084 4225 1146 4291 hoo
1159 4225 1295 4316 modoji
1310 4227 1409 4291 ullum

125 4329 230 4394 adhuc
252 4328 382 4394 dubium
404 4332 487 4396 circa
508 4345 646 4398 nostram
669 4333 822 4399 theoriam
847 4333 1001 4420 reliquum
1022 4333 1139 4413 luisset,
1166 4335 1198 4400 id
1222 4334 1409 4402 resolutione

124 4437 218 4523 hujus
232 4436 383 4502 mirabilis
397 4438 597 4522 phaenomeni
611 4439 750 4506 funditds
765 4439 921 4507 sublatum
936 4441 974 4504 iri
988 4441 1184 4508 confidimus.

411 4665 414 4671 ·
442 4643 541 4696 1²1le
559 4647 688 4697 PRIMAE
703 4645 942 4700 enarratom
960 4647 1099 4698 rnatu.
1259 4683 1266 4717 ,
1350 4691 1354 4706 .
