3516 5870
383 431 572 500 FLUXUS
593 429 655 496 AC
682 429 933 498 REFLUXUS
955 428 1113 498 MARIS.
1321 429 1382 492 817

131 709 219 772 nora
228 717 291 790 poa
305 709 433 776 ram
488 704 619 767 casus
632 701 728 762 Mass
739 703 885 766 werna.
932 702 1064 764 crosco
1072 698 1355 760 marasmon.

543 879 641 948 0,000
654 867 824 933 descendit.
992 875 1085 944 l,067
1100 867 1132 930 in
1148 888 1299 932 occasum.

543 965 641 1034 0,500
655 955 824 1020 descendit.
988 961 1084 1029 0,927
1100 952 1132 1014 in
1147 973 1300 1018 occasum.

543 1051 641 1120 0,860
655 1040 825 1106 descendit.
988 1045 1085 1116 0,567
1099 1038 1132 1100 in
1147 1060 1299 1106 occasum.

545 1137 640 1206 l,000
654 1126 825 1192 descendit.
988 1133 1084 1201 0,067
1101 1125 1132 1186 in
1147 1146 1299 1193 occasum.

543 1223 640 1292 0,860
655 1212 824 1276 descendit
988 1219 1085 1288 Qasr
1101 1211 1132 1273 in
1147 1224 1260 1276 ortum.

543 1309 640 1378 0,5oo
655 1299 824 1364 descendit.
988 1303 1083 1373 0,792
1097 1295 1131 1359 in
1146 1310 1258 1362 ortum.

543 1397 641 1463 0,000
655 1385 803 1449 ascendit.
988 1391 1085 1460 0,992
1100 1383 1132 1445 in
1147 1401 1258 1448 ortum.

543 1481 640 1550 0,500
655 1469 803 1535 ascendit.
988 1477 1085 1547 0,792
1100 1469 1132 1532 in
1147 1481 1260 1534 ortum.

542 1566 640 1637 0,860
654 1557 803 1622 ascendit.
988 1563 1085 1634 0,482
1099 1557 1132 1618 in
1147 1571 1259 1620 ortum.

546 1653 640 1720 l,000
655 1643 803 1707 ascendit.
985 1651 1082 1719 0‚067
1098 1641 1131 1704 in
1145 1664 1299 1706 occasum.

534 1735 639 1808 '0,860
655 1729 802 1793 ascendit.
986 1735 1082 1805 0,567
1099 1728 1132 1790 in
1146 1749 1299 1792 occasum.

541 1826 640 1893 0,5oo
655 1815 802 1880 ascendit.
987 1821 1082 1890 0,927
1099 1813 1299 1878 inoccasum.

258 1909 297 1964 rs
543 1901 823 1980 o,ooodescendit.
989 1900 1299 1978 l,067inoccasum.

261 887 304 1878 :geoooqcnm-t—oom--Q

104 2116 208 2182 Facile
223 2129 326 2182 sutem
340 2117 521 2207 intelligitur
537 2141 597 2204 pro
611 2119 791 2207 regionibus
805 2118 845 2183 ab
859 2128 1016 2203 aequatore
1030 2118 1167 2194 remotis,
1183 2113 1341 2202 praecipue
1356 2115 1383 2182 si

104 2226 198 2292 Luna
211 2225 324 2292 habeat
334 2227 582 2307 declimtionem,
593 2241 661 2294 tum
672 2239 839 2316 utrumque
852 2240 971 2292 motum
981 2227 1080 2314 magis
1090 2226 1157 2291 fore
1171 2225 1383 2314 irregularem,

100 2343 194 2418 atque
214 2353 290 2396 mox
311 2353 472 2396 ascensum
493 2331 582 2398 citids
604 2332 724 2397 absolvi
744 2353 820 2398 mox
841 2331 917 2397 verb
938 2332 1141 2409 descensum3
1171 2343 1255 2396 totus
1277 2343 1382 2395 autem

103 2451 207 2506 motus
221 2436 340 2505 facilius
355 2461 396 2504 ex
415 2439 490 2524 ipsis
505 2439 646 2504 formulis
661 2439 741 2504 datis
756 2451 972 2528 cognoscetur.
1017 2437 1085 2503 Hic
1099 2437 1234 2524 denique
1254 2434 1385 2522 profun·
1425 2501 1432 2516 ,

102 2545 232 2612 ditarem
255 2546 370 2634 ubique
394 2545 526 2612 eandem
548 2547 728 2632 posuimus3
760 2542 846 2633 qudd
868 2546 896 2610 si
918 2545 1002 2610 euim
1026 2555 1107 2608 esset
1125 2543 1259 2622 diversa,
1282 2552 1386 2606 motus

103 2657 304 2724 horizontalis
319 2659 410 2724 simul
424 2659 577 2724 rationem
591 2658 743 2722 inversam
759 2656 978 2742 profunditatis
993 2635 1119 2720 tenebit.
1344 2635 1356 2640 '⁶

147 2773 172 2852 §·
188 2775 240 2836 97.
269 2766 416 2854 Denique
436 2778 604 2854 antequam
624 2767 686 2830 hoo
703 2767 808 2852 Caput
821 2766 976 2844 finiamus,
1001 2765 1104 2830 notari
1127 2775 1260 2850 oportet,
1285 2781 1387 2848 neque

102 2873 256 2938 maximos
277 2885 370 2938 oestus
391 2873 428 2937 iis
448 2873 523 2958 ipsis
544 2873 737 2960 temporibus
760 2873 883 2940 evenire
903 2895 1005 2958 posse,
1029 2873 1142 2960 quibus
1156 2873 1237 2938 vires
1257 2871 1339 2937 Solis
1356 2880 1389 2934 et

106 2981 209 3046 Luna
231 2979 365 3044 maxime
386 2982 502 3068 vigent,
524 3003 583 3045 nec
604 2982 749 3044 minimos
771 2993 958 3058 semustum,
981 2979 1053 3046 crim
1067 2983 1113 3043 vis
1128 3004 1148 3043 a
1162 2981 1255 3044 Luna
1268 2991 1300 3043 et
1315 2977 1388 3042 Sole

106 3097 182 3150 nata
195 3097 242 3150 est
255 3084 454 3162 debilissima,
477 3084 533 3150 sed
554 3085 712 3170 aliquanto
730 3082 859 3148 tardids.
905 3079 1015 3154 AEstirs
1030 3083 1113 3147 enim
1128 3082 1310 3170 magnitudo
1323 3102 1388 3145 non

109 3190 210 3256 solum
224 3215 243 3256 a
257 3193 428 3278 quantitate
442 3193 555 3256 virium
567 3192 797 3257 sollicitantium
811 3192 937 3278 pendet,
949 3191 995 3256 uti
1009 3191 1042 3256 id
1057 3213 1115 3254 usu
1127 3193 1255 3268 veniret,
1268 3191 1294 3254 si
1308 3212 1390 3276 aqua

106 3300 219 3366 inertid
241 3313 369 3380 careret,
392 3301 447 3366 sed
469 3301 596 3386 insuper
616 3324 636 3366 a
656 3312 742 3366 motu
760 3303 826 3386 jam
848 3300 921 3364 antd
942 3312 1103 3385 concepto.
1149 3296 1246 3375 Qudd
1261 3298 1287 3362 si
1306 3297 1389 3361 enim

105 3405 180 3472 ante
195 3429 281 3472 mare
296 3407 424 3472 omnino
438 3408 612 3495 quievisset,
628 3419 694 3472 tum
709 3407 828 3492 primus
844 3405 927 3470 certe
941 3418 1036 3470 aestus
1052 3405 1203 3469 oriundus
1217 3405 1387 3468 admodum

105 3513 230 3578 firturus
252 3524 333 3578 esset
354 3513 453 3590 exilis,
477 3512 596 3576 etiamsi
613 3511 694 3578 vires
708 3511 907 3577 sollicitantes
922 3523 1027 3576 essent
1041 3512 1204 3588 maximae3
1227 3523 1389 3597 sequentes

106 3621 183 3688 verb
207 3633 301 3687 aestus
327 3621 475 3686 continuo
500 3633 682 3700 crescerent,
711 3621 811 3685 donec
836 3620 962 3685 tandem
990 3633 1062 3705 post
1086 3631 1209 3703 tempus
1234 3619 1389 3682 infinitum

107 3729 356 3816 magnitudinem
378 3729 565 3816 assignatam
586 3727 772 3806 obtinerent,
796 3727 822 3791 si
844 3725 970 3814 quidem
990 3726 1071 3790 vires
1086 3723 1284 3790 sollicitantes
1306 3723 1390 3788 idem

109 3833 208 3897 robur
229 3832 382 3922 perpetuo
404 3845 580 3902 servarem:
602 3846 695 3920 atque
715 3832 777 3898 hoc
798 3833 880 3898 idem
896 3831 1018 3897 evenire
1033 3831 1135 3910 debet,
1159 3831 1186 3896 si
1199 3845 1293 3896 aestus
1307 3853 1391 3916 prae·

110 3939 257 4004 cadentes
276 3953 397 4008 tantum
417 3941 533 4008 fuerint
546 3941 692 4020 minores,
715 3939 809 4027 qudm
823 3942 849 4006 is
864 3941 1050 4027 quiritibus
1066 3941 1300 4005 sollicitantibus
1315 3963 1390 4005 con·

108 4047 204 4112 venit.
250 4045 357 4122 Quare
376 4046 449 4114 calm
463 4059 557 4112 oestrrs
570 4047 731 4112 novilunia
743 4069 780 4112 ac
801 4045 970 4132 plenilunio
989 4047 1199 4132 praecedentes
1214 4047 1277 4112 sint
1288 4049 1391 4112 raino·

108 4178 171 4234 res,
196 4155 219 4218 ii
242 4154 368 4242 quidem
392 4157 441 4224 his
464 4156 656 4244 temporibus
679 4159 720 4222 ab
743 4158 841 4223 auctis
860 4157 978 4223 viribus
998 4158 1206 4246 augebuntur,
1229 4179 1294 4222 non
1314 4157 1391 4222 verb

110 4263 217 4330 subitd
239 4273 337 4330 totam
357 4287 445 4330 suam
466 4269 669 4354 quantitatem
689 4281 926 4354 consequentur,
949 4281 1041 4356 atque
1062 4269 1143 4336 hanc
1160 4270 1202 4334 ob
1217 4291 1283 4335 rem
1297 4283 1391 4335 aestus

112 4371 285 4436 etiamnum
298 4383 371 4456 post
385 4374 522 4460 syzygias
533 4387 700 4464 augmenta
710 4377 870 4462 accipient,
883 4377 983 4442 donec
993 4378 1036 4442 ob
1050 4391 1117 4443 tum
1128 4392 1271 4444 secutura
1280 4378 1393 4443 virium

111 4482 323 4556 decrementa,
346 4491 440 4546 aestus
461 4481 572 4548 iterum
595 4484 773 4550 decrescere
795 4485 952 4570 incipiant
997 4486 1047 4550 Ita
1065 4500 1205 4573 tempore
1220 4488 1393 4551 novilunio·

113 4612 186 4654 rum
198 4602 230 4654 et
243 4589 486 4674 pleniluniorum
499 4613 563 4655 non
577 4605 641 4657 tam
656 4593 716 4678 ipsi
729 4606 822 4658 estus
837 4591 931 4681 quim
944 4593 1134 4660 incrementa
1148 4619 1256 4660 eorum
1267 4619 1395 4662 censen-

116 4695 158 4758 da
178 4707 251 4758 sunt
272 4696 419 4776 maxirns,
442 4709 593 4784 quatenus
615 4698 730 4765 scilicet
745 4713 837 4766 aestus
857 4699 1068 4786 praecedentes
1084 4703 1218 4768 maxime
1233 4705 1392 4782 deficiunt,

149 4799 209 4849 Vos.
224 4799 277 4849 111.
759 4805 777 4847 2
