3516 5870
428 521 620 592 FLUXUS
643 523 705 591 Ac
730 523 985 592 REFLUXUS
1007 525 1166 598 MARIS.
1377 533 1442 596 298

155 699 281 767 dranni
302 711 350 764 tot
369 699 497 764 minutia
518 709 591 785 post
610 696 784 762 transitum.
830 696 1031 762 Cannutium
1045 697 1189 764 evenitai
1207 697 1256 762 vel
1273 699 1366 764 Luna
1380 703 1440 768 rub

156 811 259 877 Terra
273 811 315 876 ad
328 811 536 878 meridianum
550 805 695 894 appellat,
712 805 762 870 vel
779 805 844 908 Sol·
852 805 886 870 in
901 807 1032 872 solstitio
1046 807 1182 896 hyemali
1195 819 1344 872 versetur.
1389 811 1441 876 Ex

154 920 205 986 bis
227 921 323 1008 igitur
345 920 495 996 formulis,
520 918 547 980 si
570 915 685 981 tabulae
704 915 921 993 adhibeantur,
939 938 1003 981 non
1025 919 1085 982 erit
1105 918 1230 983 difficile
1250 941 1309 1004 pro
1331 922 1441 1008 quovis

154 1029 225 1094 loco
248 1027 359 1094 Terrae
380 1025 420 1091 ad
443 1023 573 1112 quodvis
594 1035 718 1108 tempus
732 1022 873 1102 delinire,
890 1035 1039 1112 quantum
1054 1025 1297 1112 maximaeque
1311 1026 1441 1092 elevatio

155 1134 321 1200 transitum
341 1132 442 1196 Lunae
464 1152 522 1216 per
543 1129 749 1194 meridianum
763 1129 814 1193 vel
827 1129 1007 1214 praecedere
1021 1129 1070 1194 vel
1085 1131 1173 1216 sequi
1188 1131 1316 1208 debeat3
1338 1135 1441 1218 cujus·

153 1243 241 1308 modi
264 1242 500 1328 supputationes
523 1241 693 1306 maximam
717 1239 810 1304 etiam
833 1239 963 1304 afferent
991 1239 1165 1319 utilitatem,
1196 1241 1323 1328 quando
1348 1243 1442 1310 etiam

153 1348 276 1412 inertiae
290 1369 381 1432 aquae
395 1347 477 1410 ratio
490 1344 666 1409 habebitur.

194 1461 218 1540 p.
236 1463 289 1526 67.
313 1455 473 1532 Quoniam
487 1453 584 1540 igitur
598 1452 672 1521 sada
687 1465 735 1518 est
748 1453 935 1538 expositum,
951 1475 1014 1538 quo
1028 1467 1187 1520 momento
1201 1477 1288 1522 snare
1302 1449 1440 1522 maitimd

154 1565 194 1630 sit
208 1565 373 1640 elevatum,
389 1562 559 1626 maximam
574 1583 699 1648 quoque
711 1561 806 1624 maris
820 1559 1052 1646 depressionem
1058 1561 1197 1642 ‚delinire
1211 1565 1441 1652 aggrediamur.

156 1673 206 1738 Ac
220 1667 323 1756 prin&
337 1665 464 1758 quidem
479 1667 678 1734 manifestum
691 1679 747 1745 est,
771 1667 797 1731 ai
812 1667 878 1732 sola
894 1668 987 1734 Luna
1000 1689 1087 1734 mare
1103 1670 1245 1756 agitaret,
1268 1683 1335 1736 tum
1350 1669 1443 1736 mini-

155 1801 239 1844 mam
261 1800 351 1864 aquae
373 1775 567 1840 altitudinem
589 1775 788 1838 observatum
810 1774 859 1852 iri,
882 1791 921 1838 eo
941 1775 1011 1860 ipso
1025 1788 1194 1853 momento,
1217 1795 1280 1862 quo
1295 1775 1388 1842 Luna
1409 1778 1443 1842 in

155 1884 317 1949 horizonte
339 1894 498 1947 versetur:
522 1893 615 1968 atque
636 1880 711 1944 hinc
731 1881 930 1968 perspicuum
946 1893 1002 1959 est,
1024 1882 1108 1946 idern
1122 1903 1181 1946 usn
1197 1883 1303 1947 venire
1317 1883 1441 1962 debere,

156 1995 182 2058 si
206 1995 261 2060 Sol
282 1993 394 2058 eodem
414 2003 574 2056 momento
588 2012 713 2077 quoque
727 1990 761 2053 in
775 1989 937 2054 horizonte
952 1989 1074 2070 existat,
1096 1989 1129 2054 id
1145 1988 1230 2076 quod
1244 1989 1357 2055 accidit
1370 1989 1444 2056 crim

155 2100 320 2166 noviluniis
342 2097 409 2164 ttim
431 2097 619 2182 pleniluniis.
666 2095 824 2161 Praeterea
843 2093 919 2159 verb
941 2095 1034 2160 etiam
1055 2097 1119 2160 ima
1141 2117 1222 2182 aqua
1243 2097 1445 2182 respondebit

156 2209 229 2271 situi
244 2207 346 2271 Lunae
361 2204 394 2267 in
409 2204 580 2282 horizonte,
596 2202 623 2267 si
637 2225 676 2268 eo
691 2215 832 2288 tempore
849 2201 904 2267 Sol
918 2201 1124 2266 meridianum
1135 2215 1276 2290 occupet,
1292 2203 1366 2290 qnia
1376 2218 1444 2269 tum

155 2314 202 2378 vis
220 2312 302 2380 Solis
316 2333 374 2396 per
389 2309 525 2374 notabile
539 2309 688 2394 temporis
703 2307 900 2376 intervallum
914 2331 1016 2395 neque
1030 2321 1162 2396 augetur
1175 2333 1235 2376 nec
1249 2311 1444 2391 diminuitur,

156 2422 277 2487 etiarnsi
292 2434 358 2484 tum
374 2439 455 2504 aqua
468 2438 533 2480 non
547 2427 670 2494 tanturn
684 2415 887 2500 deprimatur,
911 2414 1004 2502 quim
1019 2416 1101 2480 circa
1115 2416 1275 2480 novilunia
1288 2441 1326 2482 ac
1344 2419 1445 2504 plani·

156 2528 252 2592 lunia.
299 2524 458 2589 Ponamua
479 2523 585 2610 igitur,
609 2520 672 2608 qud
694 2521 831 2607 reliquos
845 2541 935 2585 casus
949 2521 1137 2600 evolvamus,
1160 2521 1236 2586 dum
1252 2523 1345 2588 Luna
1359 2523 1446 2589 hori-

156 2649 279 2702 zontem
294 2645 435 2718 occupat,
461 2633 566 2698 Solem
587 2632 627 2696 ab
648 2631 810 2696 horizonte
831 2633 1005 2707 removeri;
1025 2628 1087 2694 boc
1102 2651 1178 2718 ergo
1192 2651 1266 2695 casu
1281 2651 1361 2718 aqua
1378 2633 1446 2718 jam

156 2745 337 2821 elevabitur,
361 2765 405 2806 ex
427 2763 491 2828 quo
513 2761 641 2804 necesse
664 2751 711 2804 est
733 2738 828 2802 imam
851 2759 965 2824 aquam
989 2749 1060 2801 ante
1084 2735 1251 2802 adventum
1278 2737 1380 2804 Lunae
1405 2739 1447 2804 ad

154 2853 349 2918 horizontem
364 2851 511 2927 extitisse,
528 2845 639 2914 contri
653 2844 728 2910 verb
743 2846 770 2910 si
784 2843 860 2908 dum
884 2845 978 2910 Luna
991 2846 1024 2910 in
1038 2844 1200 2910 horizonte
1215 2857 1365 2926 versatur,
1390 2845 1447 2913 Sol

156 2959 198 3024 ad
218 2959 411 3022 horizontem
434 2957 672 3042 appropinquet,
696 2975 775 3039 aqua
798 2949 918 3016 tardilrs
940 2950 1056 3016 scilicet
1077 2961 1149 3036 post
1162 2951 1328 3038 appulsum
1344 2952 1448 3018 Lunae

157 3067 199 3131 ad
220 3065 414 3129 horizontem
436 3064 604 3148 continget
649 3063 808 3124 Ponamua
822 3061 927 3144 itaque
942 3061 1068 3124 Lunam
1082 3074 1155 3126 ante
1168 3073 1273 3124 orurm
1288 3061 1348 3126 auh
1361 3061 1447 3126 bori-

158 3185 250 3238 zonte
272 3171 347 3238 Hh
369 3173 401 3238 in
424 3175 441 3232 l
464 3169 566 3234 adhuc
588 3169 714 3243 versari,
740 3166 908 3250 Solemque
929 3167 963 3229 in
986 3171 1016 3232 Θ
1042 3189 1109 3231 esse
1129 3169 1276 3252 positum,
1300 3171 1385 3235 unde
1405 3173 1446 3240 ad

158 3278 365 3344 meridianum
391 3275 417 3340 P
434 3277 459 3340 Z
476 3275 513 3340 H
535 3273 765 3361 progrediatur,
788 3269 910 3357 hocque
926 3272 995 3356 ipso
1009 3288 1169 3337 momento
1183 3297 1296 3360 aquarn
1310 3278 1447 3345 maximi

159 3409 227 3454 esse
249 3385 439 3472 depressam.
483 3381 621 3448 Necesse
642 3381 813 3468 igiturest,
836 3393 872 3444 ut
887 3380 1120 3444 decrementum
1134 3371 1386 3450 momentaneum
1400 3387 1447 3454 via

159 3497 262 3563 Lunae
279 3493 322 3558 ad
339 3511 426 3556 mare
445 3489 635 3555 movendum
656 3488 777 3574 aequale
792 3489 832 3552 sit
845 3488 1038 3552 incremento
1052 3503 1269 3557 momentaneo
1283 3495 1330 3558 vis
1354 3495 1446 3562 Solis.

160 3603 213 3670 Ad
228 3601 312 3667 hanc
326 3599 534 3687 aequalitatem
548 3595 768 3662 declarandam
782 3597 822 3661 sit
836 3593 942 3684 anguli
960 3601 978 3659 l
998 3597 1070 3664 ΡΟ
1084 3599 1124 3663 ad
1139 3599 1247 3685 polum
1263 3605 1366 3682 sumti,
1383 3603 1447 3671 dia·

158 3714 287 3780 tantiam
305 3712 407 3777 Lunae
423 3733 441 3774 a
456 3731 513 3773 suo
528 3719 600 3772 ortu
616 3706 648 3772 0
662 3706 837 3784 indicantis,
859 3708 945 3770 sinus
959 3737 995 3766 ==
1010 3687 1088 3773 V'et
1102 3709 1226 3774 cosinus
1239 3741 1275 3770 .-..·
1290 3735 1319 3792 v,
1336 3713 1390 3802 qui
1404 3713 1446 3780 ob

160 3821 308 3909 angulum
331 3823 349 3880 l
375 3815 450 3882 ΡΟ
473 3813 565 3880 valde
585 3835 716 3900 parvum
739 3813 808 3878 tuto
829 3815 910 3879 sinui
931 3819 989 3880 toti
1013 3825 1026 3880 1
1046 3817 1174 3904 aequalis
1190 3819 1313 3907 concipi
1334 3835 1446 3908 potest.

162 3927 293 3992 Invento
316 3945 392 4013 ergo
410 3921 527 4012 angulo
550 3921 613 3986 boc
640 3923 658 3983 l
682 3919 762 3986 ΡΟ
788 3943 843 3988 seu
867 3943 943 3987 arcu
965 3925 1132 4011 aequatoris
1157 3925 1202 3989 illi
1228 3929 1445 4014 respondente,

161 4058 261 4124 eoque
275 4038 307 4100 in
321 4051 444 4122 tempus
459 4055 621 4111 converso,
637 4033 791 4099 constabit
806 4047 924 4121 quanto
937 4037 1087 4122 temporis
1104 4037 1268 4104 intervallo
1288 4040 1351 4106 ima
1366 4065 1447 4130 aqua

161 4145 327 4232 appulsum
348 4146 448 4210 Lunae
470 4144 512 4208 ad
532 4142 726 4208 horizontem
751 4143 925 4227 praeeadat:
954 4143 1038 4208 idern
1060 4142 1135 4210 verb
1159 4145 1296 4213 calculus
1318 4163 1383 4214 tam
1406 4147 1446 4214 ad

162 4255 266 4323 Lunae
280 4277 423 4321 occanum
438 4253 530 4342 quim
543 4253 584 4318 ad
594 4251 803 4318 secesionem
817 4251 898 4317 Solia
912 4253 954 4318 ad
967 4253 1162 4320 horizontem
1172 4254 1262 4321 facili
1272 4278 1448 4324 accommo-

161 4364 297 4432 dabitur.

205 4482 229 4560 §.
245 4484 298 4541 68.
323 4473 437 4538 Positis
453 4494 536 4537 nunc
553 4473 582 4537 A
598 4485 630 4532 ‘t
646 4497 666 4537 a
679 4486 838 4561 aequatore
852 4493 889 4536 ac
903 4483 937 4529 t:
949 4484 980 4531 ‘t‘
994 4477 1025 4539 ll.
1042 4473 1194 4557 ecliptica,
1215 4473 1255 4540 sit
1269 4474 1449 4542 elevationis

160 4581 226 4670 poli
254 4581 318 4648 Ph
340 4581 426 4646 sinus
446 4609 482 4638 =
505 4577 543 4659 P,
565 4579 689 4645 cosinus
709 4609 745 4638 ε
772 4601 814 4666 p3
845 4581 930 4644 sinus
952 4577 1168 4644 declinationis
1190 4577 1293 4645 Lunae
1314 4581 1448 4649 borealis

172 4729 590 4809 lL=ll,cosinus=r‘;
612 4727 968 4818 exquibusfietanguli
986 4689 1447 4877 APooosinuaassfll,
