3516 5870
325 501 386 558 298
536 545 540 554 .
572 487 840 567 INQUISITIO
864 481 1070 552 PHYSICA
1092 481 1143 548 IN
1167 476 1362 548 CAUSAM

323 674 422 739 esset3
455 663 541 747 cujus
564 659 750 726 discriminis
774 659 855 724 ratio
880 657 1025 741 exemplo
1055 653 1198 739 corporis
1220 653 1354 738 panduli
1375 652 1537 719 mode
1567 655 1617 720 ob

230 789 243 822 ··
322 769 428 833 oculos
443 770 518 853 poni
531 781 643 852 potest.
689 768 848 833 Ponamus
863 765 947 830 enim
961 782 1079 848 corpus
1091 759 1263 847 pendulsun
1279 759 1311 826 O
1327 761 1355 825 C
1370 763 1412 827 ob
1425 763 1613 850 grauium

322 881 415 944 situm
430 893 538 944 tenens
553 879 741 957 verticalem,
757 903 777 943 a
790 879 824 941 vi
836 876 985 964 quipiam
1001 875 1034 938 in
1048 874 1131 939 latus

322 987 493 1053 secuudrim
520 987 723 1051 directionem
754 984 845 1050 cM
875 983 1043 1048 sollicitari.
1090 983 1124 1047 si
1218 988 1238 1038 0

241 1165 245 1171 ,
321 1119 405 1162 nunc
427 1097 490 1162 boo
509 1097 682 1182 paullulum
699 1093 809 1158 inertis
826 1104 955 1169 careret,
972 1113 1026 1155 seu
1041 1091 1123 1175 ejus-

320 1205 411 1269 modi
422 1217 506 1270 aaa&
517 1204 642 1281 indolis,
667 1203 754 1288 cujus
769 1221 882 1287 aquam
896 1199 1048 1264 hactenus
1071 1221 1124 1263 su-

321 1333 390 1378 mus
406 1313 616 1398 contemplati,
632 1324 699 1377 tum
715 1311 818 1376 subito
834 1312 928 1376 situm
943 1311 975 1374 O
987 1309 1029 1375 M
1042 1310 1126 1374 acci-

320 1434 419 1506 peret,
445 1423 561 1507 inquo
584 1421 653 1484 haec
673 1420 719 1483 vis
739 1442 810 1486 cum
831 1412 982 1506 gravitate
1001 1417 1121 1504 aequili-
1164 1428 1167 1434 '

321 1529 425 1594 brium
450 1539 583 1594 teneret.¹
639 1527 683 1591 At
708 1526 779 1592 otim
807 1527 980 1612 pendulum
1011 1525 1120 1591 inertid

319 1635 489 1719 proeditum
510 1632 734 1710 consideratur,
757 1645 829 1718 post
848 1632 975 1719 aliquod
994 1631 1121 1694 demum

320 1755 443 1826 tempus
458 1741 597 1825 elapsum
612 1741 652 1806 ad
668 1743 762 1806 situm
778 1741 809 1806 Ο
826 1741 866 1806 M
884 1742 1060 1826 perveniet:
1084 1763 1121 1805 ac

321 1847 436 1914 deinde
457 1849 530 1934 quia
550 1839 636 1914 motu
652 1850 822 1914 accelerato
837 1848 875 1912 eb
895 1849 1054 1936 pertingit,
1076 1847 1120 1913 ibi

320 1957 551 2042 conquiescet,
578 1956 631 2021 sed
654 1956 736 2020 ultrd
758 1967 913 2034 excurret,
936 1955 1013 2041 putsl
1033 1957 1066 2020 in
1089 1957 1121 2020 N

299 2143 305 2154 Ι
320 2087 429 2150 usque,
446 2065 490 2130 itu
503 2077 539 2128 ut
554 2065 688 2149 spatium
700 2065 729 2128 C
741 2063 776 2128 N
787 2063 851 2130 iord
863 2064 903 2128 sit
914 2063 1011 2149 duplo
1020 2065 1120 2148 majus
1183 2134 1204 2184 c

321 2174 421 2258 spatio
452 2173 479 2240 C
503 2173 552 2251 M,
582 2173 687 2257 pronti
717 2173 853 2240 calculus
884 2172 966 2237 clar&
995 2172 1120 2236 indicat.
1376 2165 1423 2216 Μ

322 2280 456 2364 Propter
485 2281 627 2345 inertiam
659 2281 754 2368 igitur
782 2281 953 2366 pendulum
983 2279 1121 2365 primdm

319 2387 438 2452 tardids
460 2391 491 2452 vi
512 2387 689 2452 sollicitanti
711 2391 916 2476 obtemperat,
933 2403 1027 2476 atque
1041 2413 1061 2453 a
1075 2390 1136 2454 situ
1151 2383 1317 2474 oequilibrii
1337 2381 1471 2460 recedit3
1493 2381 1604 2445 deinde

320 2495 395 2558 verb
421 2496 513 2560 etiam
536 2497 635 2583 magis
660 2495 786 2574 recedit,
814 2497 1025 2582 majoremque
1052 2495 1270 2560 excursionem
1296 2489 1432 2565 conficit,
1463 2486 1554 2574 quim
1579 2491 1604 2551 si

319 2602 431 2668 inertis
454 2617 589 2680 careret3
612 2627 683 2690 quae
705 2617 778 2668 sunt
792 2627 838 2668 eae
853 2605 930 2690 ipsae
946 2605 1018 2668 duae
1033 2627 1093 2682 res,
1109 2601 1268 2687 inquibus
1284 2595 1405 2661 theoria
1421 2595 1491 2661 antd
1510 2617 1604 2680 expo-

321 2709 380 2773 sita
394 2711 435 2773 ab
450 2710 639 2795 experientiis
655 2709 791 2774 maximd
807 2711 970 2778 dissentire
984 2712 1178 2796 deprehensa
1193 2723 1248 2776 est.

363 2820 387 2896 §-
405 2822 456 2883 74.
481 2817 516 2878 Si
530 2837 614 2881 nunc
631 2817 714 2880 istud
729 2817 859 2901 penduli
875 2819 1054 2902 exemplum
1069 2819 1112 2882 ad
1127 2831 1269 2882 nostrum
1284 2837 1390 2879 casum
1405 2813 1497 2878 aestlts
1509 2814 1598 2876 maris

322 2925 554 3007 transferamus,
578 2926 681 3011 primb
703 2929 813 3014 ingens
835 2928 1003 2992 similitudo
1024 2929 1133 2992 insitu
1158 2927 1287 3014 penduli
1311 2925 1449 2989 verticali
1470 2943 1503 2988 ac
1521 2935 1600 2986 statu

322 3034 417 3097 maris
432 3033 576 3110 naturali,
592 3055 685 3120 quem
702 3035 821 3100 obtinet
836 3035 962 3098 remotis
977 3034 1123 3117 potentiis
1138 3033 1285 3110 externis,
1301 3031 1493 3095 observatur.
1521 3029 1604 3093 Nam

319 3140 583 3226 quemadmodum
607 3141 789 3226 pendulum,
815 3143 841 3206 si
867 3142 899 3206 iu
924 3163 1142 3229 quamcunque
1167 3123 1292 3227 plagam
1316 3139 1356 3204 de
1382 3139 1443 3202 situ
1467 3138 1604 3202 verticuli

320 3249 501 3329 declinetur,
524 3251 652 3335 proprisi
676 3251 706 3312 vi
727 3252 887 3337 gravitatis
904 3274 937 3314 se
952 3253 984 3314 in
1000 3251 1133 3314 eundem
1149 3251 1267 3334 recipit,
1290 3251 1333 3314 ita
1354 3250 1445 3312 etiam
1467 3271 1557 3333 aqua,
1579 3247 1605 3309 si

319 3377 360 3420 ex
375 3356 436 3420 situ
451 3377 508 3419 suo
523 3355 688 3442 aequilibrii
704 3355 888 3440 depellatur,
905 3356 936 3418 vi
951 3357 1109 3442 gravitatis
1126 3379 1159 3420 se
1174 3355 1215 3419 ad
1230 3353 1364 3418 eundem
1379 3353 1549 3436 componit,
1569 3374 1603 3414 ac

318 3452 473 3548 praeterea
485 3465 603 3550 pariter
622 3487 658 3528 ac
680 3463 851 3548 pendulum
868 3465 1074 3528 oscillationes
1096 3463 1228 3552 peragit,
1253 3461 1425 3548 cujusmodi
1440 3461 1603 3524 oscillatio-

319 3594 397 3638 num
412 3593 502 3636 casus
516 3574 549 3634 in
565 3596 646 3659 aqua
660 3573 816 3637 observati
837 3574 952 3658 passim
970 3576 1171 3639 inveniuntur
1184 3573 1327 3658 expositi.
1372 3572 1497 3636 Deinde
1512 3573 1605 3634 etiam

321 3678 413 3742 simili
435 3677 540 3754 modo,
565 3665 628 3763 quo
649 3677 831 3762 pendulum,
856 3701 941 3742 mare
957 3677 1020 3764 qul)
1039 3681 1139 3766 magis
1154 3701 1194 3741 ex
1209 3679 1269 3741 situ
1286 3701 1342 3742 suo
1358 3677 1492 3740 naturali
1511 3674 1603 3738 fuerit

320 3787 528 3864 deturbatum,
546 3785 583 3850 eb
597 3787 746 3868 majorem
769 3785 897 3850 habebit
913 3788 974 3850 vim
990 3809 1057 3852 sese
1073 3788 1212 3850 insitum
1228 3785 1394 3872 aequilibrii
1411 3781 1601 3848 restituendi.

320 3893 418 3970 Quod
433 3896 460 3958 si
481 3895 576 3982 igitur
591 3915 677 3955 mare
692 3916 711 3955 a
726 3893 842 3956 viribus
864 3894 1010 3972 externis,
1037 3893 1118 3958 Solis
1140 3895 1257 3958 scilicet
1272 3917 1308 3957 ac
1324 3894 1436 3971 Lunae,
1453 3917 1526 3957 mox
1541 3894 1602 3957 ele-

319 4012 407 4065 vetur
427 4021 503 4064 mox
525 3999 726 4084 deprimatur,
749 4020 875 4064 necesse
898 4012 944 4064 est
967 4013 1002 4064 ut
1024 4000 1097 4069 inde
1119 4015 1221 4065 motus
1236 4001 1441 4064 oscillatorius
1457 4025 1511 4065 seu
1526 4001 1601 4065 reci-

318 4129 431 4194 procus
457 4105 574 4170 oriatur
597 4106 687 4168 aestui
712 4106 805 4169 maris
830 4105 958 4170 omnino
978 4107 1093 4186 similis,
1118 4109 1171 4193 qui
1193 4122 1297 4172 autem
1318 4129 1376 4191 per
1399 4107 1482 4197 leges
1503 4107 1603 4172 monis

319 4214 483 4278 difficulter
504 4211 627 4276 definiri
650 4225 743 4298 queat
764 4212 907 4276 accurate
929 4213 1075 4298 quidem3
1101 4237 1174 4278 nam
1190 4235 1263 4276 vero
1281 4213 1435 4297 proxime,
1459 4213 1519 4277 boc
1540 4237 1602 4277 uon

318 4321 398 4386 adeo
418 4323 478 4386 erit
498 4320 632 4386 difficile.
678 4320 763 4383 Duae
784 4333 888 4382 autem
910 4333 983 4384 sunt
1004 4343 1064 4397 res,
1089 4344 1160 4407 quae
1177 4321 1351 4384 absolutam
1374 4343 1409 4384 ac
1433 4321 1604 4406 perfectam

318 4429 412 4492 totius
435 4429 538 4494 motirs
563 4427 853 4494 determinationem
884 4430 1080 4515 summopere
1109 4429 1246 4493 reddunt
1274 4431 1440 4508 difficilem,
1472 4455 1604 4517 quarum

317 4538 414 4603 altera
427 4539 587 4624 physicam
602 4551 729 4624 spectat,
753 4551 846 4626 atque
861 4541 893 4603 in
909 4541 975 4625 ipsis
990 4541 1157 4605 fluidorum
1171 4543 1282 4607 naturis
1299 4545 1446 4621 consistit,
1470 4566 1605 4630 quorum

318 4657 422 4710 motus
450 4645 614 4711 difficulter
642 4648 684 4711 ad
713 4648 867 4712 calculum
898 4663 1069 4725 revocatur,
1100 4651 1259 4734 praecipud
1288 4653 1314 4714 si
1344 4653 1475 4738 quaestio
1500 4653 1540 4716 sit
1565 4653 1607 4717 de

320 4749 510 4836 amplissimo
538 4775 666 4830 oceano,
697 4757 751 4840 qui
777 4754 843 4818 aliis
872 4755 905 4818 in
934 4753 1010 4818 locis
1036 4753 1183 4834 elevetur,
1209 4757 1276 4820 eliis
1303 4756 1377 4820 verb
1402 4757 1607 4841 deprimatur.
