3516 5870
413 503 605 576 FLUXUS
626 505 689 574 ac
711 505 968 576 REFLUXUS
990 505 1150 575 MARIS.
1361 509 1423 576 au·

139 677 203 745 tim
229 680 323 746 Luna
346 681 388 746 ad
410 693 600 768 aquatorern
620 693 792 760 versentur,
819 681 853 746 id
878 683 964 769 quod
985 703 1058 746 aum
1081 681 1274 768 experiendi
1292 681 1424 746 mirifici

139 789 291 853 convenit.
336 789 497 868 Quoniam
517 799 620 852 autem
641 788 711 852 baeo
732 809 774 852 ex
796 787 901 852 valore
921 787 1019 874 ipsius
1033 800 1210 877 gassumto
1225 811 1423 875 consequun-

138 909 199 975 tur,
222 899 374 986 imprimis
396 897 498 966 notari
519 909 652 984 oportet,
675 897 811 962 litteram
827 889 851 984 'g
865 901 930 960 non'
948 919 1042 982 posse
1056 896 1197 962 absoluti
1212 897 1422 975 determinari,

138 1003 192 1068 sed
207 1005 272 1092 ejus
288 1006 499 1094 quantitatem,
524 1005 641 1090 quippe
656 1026 728 1090 qure
741 1003 946 1069 mobilitatem
961 1004 1056 1068 totius
1072 1006 1181 1068 oceani
1201 1015 1330 1090 spectat,
1354 1001 1425 1068 curn

138 1111 177 1176 ab
198 1114 378 1178 extensione
399 1109 467 1177 ttlm
488 1111 582 1176 etiam
603 1109 816 1197 profunditate
837 1110 932 1174 maris
952 1108 1111 1194 pendere3
1133 1131 1174 1172 ex
1196 1131 1259 1196 quo
1278 1111 1370 1175 variis
1392 1111 1426 1174 in

137 1221 213 1288 locis
227 1223 296 1286 base
310 1221 420 1287 eadem
433 1221 537 1286 littera
549 1243 582 1308 g,
598 1220 699 1284 varias
714 1219 959 1307 significationes
974 1219 1130 1284 sortietur.
1471 1297 1473 1302 Ι

181 1335 205 1412 §-
221 1338 273 1394 89.
298 1329 350 1394 Ex
371 1328 525 1392 solutione
545 1326 659 1390 borum
681 1326 817 1389 duorum
835 1323 1079 1402 Problematum,
1095 1345 1167 1411 quae
1189 1323 1316 1412 quidem
1336 1325 1370 1389 in
1392 1347 1426 1390 se

138 1448 276 1520 spectata
296 1457 361 1501 non
384 1434 486 1499 solum
507 1446 580 1499 sunt
599 1433 771 1498 attentione
792 1431 898 1520 digna,
922 1432 979 1497 sed
1000 1433 1093 1496 etiam
1108 1430 1181 1497 etim
1195 1433 1337 1520 enalysin
1355 1431 1425 1498 tum

132 1545 228 1609 'etiam
253 1543 357 1608 motlrs
381 1543 541 1607 scientiam
566 1543 767 1627 amplificant,
795 1541 935 1628 quamvis
957 1563 995 1606 ea
1016 1561 1122 1604 casum
1141 1541 1339 1626 propositum
1360 1562 1426 1605 non

133 1651 257 1736 penitus
283 1647 477 1727 exhauriant,
503 1663 609 1715 tamen
633 1661 737 1715 motus
758 1650 793 1714 in
816 1647 1066 1734 precedentibus
1090 1646 1253 1732 Capitibus
1275 1645 1423 1712 delinitus
1460 1731 1461 1734 Ἴ

134 1754 234 1820 multb
255 1755 354 1843 magis
376 1777 447 1820 curn
469 1757 660 1841 experientia
687 1755 878 1834 conciliatum,
906 1755 939 1820 id
961 1755 1046 1842 quod
1070 1754 1200 1819 theorias
1222 1767 1340 1820 nostrae
1357 1756 1425 1840 jam

134 1865 254 1954 insigne
270 1863 357 1930 addit
371 1866 612 1931 firmamentum.
658 1865 759 1932 Simili
778 1877 883 1930 autem
896 1865 995 1930 modo
1008 1865 1055 1928 vis
1068 1887 1089 1927 a
1104 1863 1177 1929 Sole
1194 1861 1425 1948 prosectarum

136 1972 352 2060 inertiaeque
365 1985 469 2060 potest
482 1975 639 2062 conjungi,
656 1987 749 2061 atque
762 1989 857 2040 oestus
872 1975 966 2039 maris
987 1972 1120 2050 definiri,
1141 1970 1296 2058 quitenus
1318 1993 1338 2034 a
1356 1971 1422 2036 soli

139 2081 170 2145 vi
196 2081 278 2148 Solis
303 2083 411 2159 cumr,
439 2081 552 2168 quibus
573 2082 697 2146 duobus
718 2083 878 2148 effectibus
899 2079 1124 2169 conjungendis
1144 2079 1288 2165 judicare
1308 2079 1425 2160 licebit,

134 2175 267 2274 quantus
290 2199 385 2252 aestus
408 2189 517 2274 quovis
544 2202 685 2274 tempore
711 2205 743 2255 et
763 2192 873 2276 quovis
896 2190 966 2254 loco
990 2188 1102 2254 debeat
1123 2187 1258 2252 evenire.
1304 2188 1344 2252 ln
1362 2189 1426 2256 hoc

134 2301 261 2389 quidem
278 2301 389 2388 Capite
404 2299 606 2392 cogitationes
622 2305 725 2369 adbuc
740 2305 780 2369 ab
795 2305 940 2369 omnibus
959 2303 1127 2369 obstaculis
1142 2326 1162 2368 a
1177 2302 1279 2368 Terri
1298 2315 1329 2368 et
1342 2303 1427 2370 litto-

134 2412 222 2476 ribus
236 2413 376 2478 oriundis
389 2436 519 2498 prorsus
535 2413 752 2493 abstrahimus,
772 2427 865 2502 etque
881 2415 1056 2478 universam
1071 2413 1208 2479 Terram
1222 2411 1428 2500 undiquaque

135 2517 217 2606 aqui
240 2517 457 2584 circumfusam
478 2521 641 2606 ponimus3
667 2545 708 2588 ex
729 2545 792 2608 quo
812 2521 937 2612 regulas
958 2521 1033 2588 binc
1054 2535 1143 2588 natas
1165 2521 1324 2608 praecipue
1346 2523 1428 2608 ejus·

134 2625 221 2690 modi
246 2626 525 2708 observationibus,
548 2650 620 2715 quoe
640 2629 674 2693 in
696 2629 888 2716 amplissimo
909 2651 1026 2695 oceano
1047 2629 1133 2716 apud
1152 2630 1282 2718 exiguas
1303 2629 1428 2694 Insulas

134 2751 207 2803 sunt
221 2739 379 2814 institutas,
396 2740 530 2804 conferri
550 2741 723 2806 conveniet.
767 2741 927 2818 Quoniam
942 2757 1045 2806 autem
1059 2739 1200 2806 nondum
1215 2738 1318 2804 motlla'
1333 2761 1424 2826 aquae

134 2847 334 2936 progressivi‚
357 2869 421 2933 quo
443 2847 625 2913 alternative
640 2849 681 2912 ad
702 2849 782 2925 loca,
805 2848 966 2935 inquibus
984 2849 1089 2912 fluxus
1104 2859 1136 2911 et
1149 2845 1289 2910 refluxus
1303 2845 1426 2924 accidit,
1503 2867 1511 2880 ·

133 2960 335 3045 progreditur
359 2970 392 3024 et
416 2959 542 3038 recedit,
569 2954 722 3025 rationein
744 2959 924 3036 babuimus,
949 2979 1076 3023 necesse
1100 2967 1148 3022 est
1171 2969 1206 3021 ut
1228 2955 1320 3021 etiam
1342 2956 1427 3020 bunc

134 3078 254 3128 motum
268 3077 301 3128 et
313 3065 522 3148 pboenomene
535 3067 610 3130 inde
625 3081 694 3130 orta
709 3067 965 3149 contemplemur.
1010 3067 1061 3129 Ac
1074 3063 1179 3148 primb
1194 3064 1321 3150 quidem
1335 3063 1426 3130 ursse

136 3173 329 3260 intelligitur,
358 3171 429 3236 crim
453 3173 496 3237 ob
518 3174 662 3237 inertiam
685 3193 775 3258 aquse
796 3171 863 3235 trlm
885 3172 979 3235 etiam
1000 3170 1061 3234 alia
1081 3169 1305 3254 impedimenta
1325 3173 1426 3236 motui

135 3282 288 3366 opposita,
312 3301 424 3366 aquam
448 3291 511 3344 tam
533 3278 652 3344 tardirls
677 3278 791 3342 elevari
813 3276 908 3363 quarn
929 3275 1064 3362 deprimi
1085 3289 1242 3361 oportere,
1265 3274 1360 3363 quim
1381 3299 1423 3344 ex

133 3389 233 3453 allatis
259 3389 408 3454 hactenus
434 3389 650 3474 consequitur:
685 3387 769 3452 unde
793 3387 898 3451 fluxus
922 3406 988 3449 non
1013 3385 1054 3448 ad
1077 3385 1224 3448 transitus
1246 3385 1350 3449 Lunae
1367 3409 1426 3472 per

132 3497 340 3563 meridianum
355 3499 546 3586 confingent,
562 3498 619 3563 sed
633 3499 793 3586 aliquanto
808 3493 906 3562 seritis
920 3495 1072 3573 evenient,
1096 3495 1224 3558 omnino
1238 3497 1286 3561 uti
1299 3497 1424 3584 experi-

132 3613 216 3677 entia
230 3624 368 3680 testatur.

176 3729 199 3804 l.
215 3731 267 3787 90.
293 3721 377 3786 Haec
392 3732 496 3786 autern
510 3723 679 3788 retardatio
700 3720 832 3808 precise
845 3722 887 3787 ad
901 3719 1056 3787 calculum
1070 3719 1209 3786 revocari
1223 3741 1288 3783 non
1305 3729 1419 3805 potest,

135 3833 206 3916 quis
227 3856 246 3898 a
266 3847 354 3900 motu
376 3837 467 3922 aqum
488 3835 616 3923 ejusque
635 3835 847 3922 profunditate
860 3834 1030 3920 plurimum
1045 3830 1191 3916 pendeat,
1207 3830 1319 3915 prouti
1329 3829 1424 3894 etiam

137 3935 277 4002 videmos
291 3941 324 4004 in
338 3942 468 4006 diversis
489 3942 566 4006 locis
582 3963 651 4008 eam
666 3943 866 4008 vehementer
881 3963 948 4006 esse
963 3940 1128 4017 diversam,
1151 3951 1244 4024 etque
1258 3937 1327 4001 aliis
1347 3936 1423 4003 locis

113 4081 121 4088 -
133 4044 255 4106 fluxum
271 4051 449 4138 contingere
463 4063 536 4136 post
553 4051 656 4117 Lunae
671 4052 925 4117 culminationem
936 4050 1035 4115 tribua
1048 4049 1134 4114 boris
1145 4048 1287 4113 nondum
1298 4047 1421 4133 elapsis,

133 4155 202 4219 aliis
225 4155 300 4220 verb
325 4157 399 4236 loeis
422 4160 609 4249 plusquam
631 4163 797 4228 duodecim
819 4163 905 4228 horis
924 4158 1043 4225 tardius
1064 4161 1179 4238 venire,
1202 4181 1273 4245 quae
1295 4157 1422 4244 quidem

131 4263 263 4354 insignis
285 4268 454 4336 retardatio
477 4273 649 4338 Terrarum
667 4273 814 4358 positioni
832 4285 879 4338 est
907 4269 1129 4346 adscribenda;
1166 4267 1292 4332 interim
1317 4279 1422 4330 tamen

130 4373 207 4438 hinc
229 4375 417 4470 sufficienter
439 4393 558 4444 constat
580 4393 701 4444 motum
724 4380 818 4443 maris
844 4378 1015 4444 admodum
1039 4397 1132 4462 posse
1153 4371 1308 4460 impediri.
1354 4372 1420 4438 Pro

129 4479 243 4546 eodem
258 4481 333 4548 verb
347 4482 418 4547 loco
433 4485 505 4549 satis
519 4486 692 4551 luculenter
706 4486 903 4572 perspicitur,
920 4483 983 4572 qud
997 4485 1098 4570 major
1108 4495 1201 4570 atque
1216 4479 1307 4543 altior
1316 4479 1421 4545 flrrxus

129 4595 257 4658 euenire
283 4594 405 4673 debeat,
431 4594 470 4660 eo
494 4597 612 4664 tardius
636 4597 772 4664 eundem
795 4596 935 4662 accidere
959 4607 1113 4682 oportere.
1167 4587 1262 4668 Quod
1287 4588 1422 4653 sienim

129 4719 225 4770 estus
241 4707 401 4794 contingat
416 4705 536 4772 infinite
549 4730 676 4793 parvos,
692 4709 824 4775 dubium
839 4721 887 4774 est
900 4705 1032 4784 nullum,
1053 4705 1129 4792 quin
1143 4703 1170 4768 is
1184 4712 1265 4769 stato
1279 4713 1420 4786 tempore

129 4813 287 4896 adveniat,
303 4813 378 4880 crim
392 4815 622 4901 impedimentis
636 4819 697 4884 boc
712 4841 787 4886 casu
798 4841 839 4884 ne
853 4818 940 4894 locus
950 4815 1079 4904 quidem
1089 4812 1278 4880 concedatur
1289 4808 1420 4900 agendi:
