3570 5876
185 505 294 572 Lrsrn
305 507 486 588 luemus]
517 505 758 572 PRINCIPIA
781 504 1152 574 MATHEMATICA.
1416 515 1454 573 91

182 680 407 744 urteoedentis.
453 677 562 743 Motus
583 676 678 743 medii
699 677 854 742 nodorum
877 677 1043 742 satellitum
1058 679 1240 742 interiorum
1254 679 1381 744 suntad
1394 703 1461 744 mo-

179 799 247 850 tum
271 785 374 873 hujus,
400 798 437 850 ut
458 785 584 849 illorum
601 797 746 870 tempore
766 785 927 870 periodica
947 787 988 850 ad
1011 799 1134 871 tempus
1155 787 1350 872 periodicum
1369 788 1462 873 hujus

180 896 251 976 (per
273 892 358 956 idem
383 891 603 971 corollarium)
627 903 658 956 et
682 891 756 955 inde
780 892 905 956 dantur.
950 891 1061 956 Motus
1084 905 1190 956 autem
1211 895 1299 980 augis
1321 892 1461 958 satellitis

178 999 328 1084 cujusque
348 999 382 1062 in
403 997 624 1083 consequentia
645 1009 693 1062 est
713 997 756 1060 ad
773 1009 895 1062 motum
909 998 1065 1062 nodorum
1079 999 1174 1084 ipsius
1188 1000 1222 1063 in
1236 1001 1459 1078 antecedentia,
1521 1064 1523 1070 .

178 1119 214 1172 ut
236 1120 339 1172 motus
364 1107 487 1195 apogtei
511 1107 613 1172 Lunoe
636 1117 752 1172 nostroe
775 1107 816 1172 ad
840 1107 932 1193 hujus
952 1119 1075 1174 motum
1096 1107 1261 1186 nodorum,
1285 1110 1462 1193 (peridem

179 1213 300 1296 Corol)
317 1226 349 1280 et
361 1214 436 1280 inde
450 1215 554 1280 datur.
597 1215 743 1281 Diminui
757 1227 862 1280 temen
877 1216 971 1281 debet
984 1227 1087 1280 motus
1101 1217 1189 1303 augis
1205 1217 1250 1282 sic
1268 1218 1411 1284 inventus
1425 1219 1462 1284 in

175 1324 295 1388 ratione
310 1331 330 1388 5
345 1323 387 1388 ad
401 1333 421 1389 9
436 1324 486 1388 vel
504 1333 517 1388 l
536 1323 577 1388 ad
592 1331 611 1388 2
626 1323 757 1401 circiter,
782 1325 818 1408 (⁰)
834 1324 877 1388 ob
890 1345 1015 1388 causam
1030 1347 1125 1411 quam
1144 1323 1196 1388 hic
1218 1347 1374 1410 exponere
1393 1348 1460 1390 non

175 1441 272 1494 vacat.
318 1428 357 1514 (ἅ)
373 1428 580 1515 AEquationes
594 1429 740 1494 meximoe
755 1429 910 1494 nodorum
924 1442 956 1495 et
969 1433 1057 1518 augis
1077 1431 1215 1496 satellitis
1231 1434 1379 1518 cujusque
1393 1433 1459 1498 ferd

174 1548 247 1602 sunt
275 1535 317 1600 ad
341 1531 530 1621 aequationes
554 1535 706 1600 maximus
731 1535 888 1600 nodorum
913 1547 946 1601 et
969 1537 1057 1623 augis
1084 1537 1185 1602 Lunae
1211 1538 1391 1622 respective,
1422 1553 1460 1604 ut

173 1657 276 1710 motus
291 1643 447 1708 nodonrm
461 1655 493 1708 et
506 1643 594 1731 augis
608 1644 774 1708 satellitum
784 1655 925 1728 ternpore
934 1645 1027 1708 unius
1038 1645 1237 1710 revolutionis
1248 1648 1459 1732 aquationum

173 1757 324 1842 priorum,
347 1757 388 1821 ad
404 1769 507 1822 motus
521 1756 678 1821 nodorum
692 1768 724 1820 et
739 1756 862 1844 apogaei
876 1756 978 1820 Lunae
992 1768 1134 1840 ternpore
1148 1755 1240 1820 unius
1255 1756 1458 1820 revolutionis

171 1863 381 1948 oequationum
402 1863 622 1947 posteriorum.
667 1863 706 1946 (θ)
730 1862 872 1926 Veriatio
893 1861 1032 1926 satellitis
1053 1883 1072 1925 e
1092 1862 1172 1926 Jove
1191 1863 1329 1946 spectati,
1348 1877 1395 1928 est
1415 1865 1457 1930 ad

169 1969 371 2034 variationem
394 1969 506 2047 Lunae,
530 1982 567 2034 ut
588 1979 661 2034 sunt
683 1969 724 2032 ad
744 1969 878 2034 invicem
899 1969 957 2032 toti
970 1979 1073 2032 motus
1088 1969 1244 2033 nodorum
1263 1973 1455 2055 temporibus

170 2079 282 2166 quibus
303 2077 428 2143 satelles
449 2089 481 2142 et
503 2077 597 2142 Luna
617 2076 659 2141 ad
682 2075 789 2140 Solem
810 2073 1020 2152 revolvuntur,
1043 2095 1101 2160 per
1121 2074 1205 2140 idem
1226 2074 1453 2154 corollarium

168 2187 304 2272 ideisque
317 2187 351 2248 in
365 2184 497 2250 satellite
511 2185 630 2249 extimo
644 2205 711 2248 non
724 2193 852 2268 superet
866 2184 915 2247 5''.
934 2183 1011 2244 Idm.

165 2356 282 2406 nodomm
298 2355 402 2406 ntellitis
417 2355 497 2404 extimi
512 2355 580 2406 Jcris
589 2370 639 2403 esse
649 2362 739 2416 pertun
749 2352 794 2402 cir·
824 2351 926 2414 prodibit
941 2361 1019 2401 motus
1034 2351 1152 2401 umorum
1166 2351 1270 2402 sutellitis
1279 2351 1401 2401 intervdlo
1410 2367 1452 2400 en-

164 2422 223 2470 citer
238 2427 293 2470 230.
306 2420 384 2468 mul·
403 2420 518 2470 nodorum
538 2420 622 2476 nune,
637 2419 678 2466 sed
692 2427 728 2466 est
742 2432 794 2465 nro-
825 2431 910 2464 nomm
921 2425 1016 2464 curtum
1027 2416 1064 2464 8⁰.
1079 2417 1124 2465 24'.
1160 2417 1200 2466 Ab
1209 2417 1281 2479 brrjus
1291 2417 1370 2464 seculi
1385 2417 1464 2464 initio·

161 2497 202 2533 tus
211 2500 305 2532 sunum
316 2483 431 2532 nodormn
439 2484 516 2532 Lunae
529 2481 579 2532 19⁰.
591 2481 634 2528 rl'.
645 2479 707 2539 21¹¹,
715 2491 744 2528 ut
753 2480 791 2528 di·
822 2479 915 2528 uullum
926 2483 952 2526 lu
962 2479 1030 2527 nodis
1043 2479 1170 2528 mellitum
1182 2479 1305 2542 jorisiium
1318 2479 1450 2528 serrsibssem

164 2557 232 2596 cetu
242 2555 327 2609 posue.
364 2547 437 2596 Hisce
453 2547 472 2594 rt
486 2545 654 2606 muldpltretur
663 2553 741 2592 morus
751 2543 792 2592 ille
821 2552 912 2592 nuum
923 2543 997 2591 snt-e
1007 2545 1155 2592 meum
1164 2553 1262 2593 meur
1272 2544 1358 2592 elut-
1372 2543 1450 2593 Cerd-

162 2627 256 2661 ennuus
273 2627 315 2674 per
333 2616 379 2660 loo
396 2609 531 2674 semumque
546 2609 663 2658 dividatur
677 2621 719 2670 per
735 2612 790 2664 250,
822 2606 904 2654 nusin
916 2607 994 2654 Elem.
1007 2608 1072 2656 Are.

192 3527 294 3594 (¹)105.
316 3531 348 3580 Ob
362 3548 458 3580 rourum
475 3549 546 3596 prom
565 3537 601 3584 lic
614 3549 722 3597 repom
738 3553 787 3586 nors
818 3535 946 3600 guleruin
956 3534 1055 3599 singulis
1065 3531 1247 3584 revolutionibus
1254 3533 1443 3600 geniti,ide6que

159 3603 231 3641 meat.
267 3595 365 3642 Referst
377 3597 394 3642 S
406 3596 492 3652 Solem,
503 3599 578 3660 sitque
591 3599 719 3658 Pentelles,
731 3601 787 3660 putd
818 3599 954 3648 eorumdem
969 3615 1070 3648 errorem
1086 3599 1238 3647 correctiones
1250 3615 1292 3647 seu
1303 3601 1443 3662 eqmtiones

160 3653 232 3703 Luna
251 3657 371 3706 resolvens
391 3658 585 3721 sulpureum
606 3663 743 3722 primarium
763 3664 785 3712 T
818 3664 927 3712 menime
934 3663 1161 3714 urntutsstellitum
1169 3672 1273 3724 ternpore
1282 3663 1441 3723 periodioere·

159 3718 245 3767 scilicet
262 3721 367 3780 Terram,
379 3723 404 3770 in
420 3723 526 3785 ellipsecs
541 3725 654 3774 umbilico
669 3727 785 3786 podturu3
818 3726 918 3788 spectied
933 3730 985 3792 (per
1002 3727 1055 3776 Cor.
1072 3732 1109 3776 16.
1128 3726 1197 3787 Prop.
1212 3727 1439 3788 va1.Ltn1.).
1508 3739 1518 3760 ¹

160 3783 420 3859 enthpqusumme,
439 3789 599 3848 Asprianum
613 3789 702 3852 eritque
719 3791 784 3850 ΤΒ,
819 3791 866 3838 Sed
880 3789 1441 3903 temporepeiodimeuntutmotusipsiengu·

160 3844 268 3894 munus
288 3849 391 3898 maxims
411 3859 435 3898 et
458 3855 483 3898 A·
505 3853 528 3900 T
547 3851 655 3900 dmtis
678 3853 784 3902 minime.
817 3853 994 3916 lmrupoeuv
1021 3855 1086 3919 (Lib.
1098 3854 1140 3915 Ι.)
1165 3851 1442 3916 Quereineddemquo-

159 3907 217 3982 ἄξω
226 3909 281 3958 ml
290 3911 338 3974 qud
349 3913 426 3962 minor
436 3925 471 3962 est
481 3913 589 3964 distentis
602 3917 624 3964 Α
638 3917 668 3974 Τ,
679 3927 785 3977 respeem
816 3933 863 3982 que
873 3920 962 3966 ratione
972 3929 1028 3966 strnt
1037 3918 1177 3981 aquationes
1187 3917 1302 3966 maxime.

160 3971 275 4019 mue
286 3974 783 4043 TB,edoeleriusepeidesprogrediuntur.
831 3981 885 4048 .(‘)
903 3987 916 4014 ⁸
940 3984 1041 4032 Venutio
1057 3985 1160 4031 neue·
1176 3999 1188 4030 e
1205 3985 1261 4034 Jove
1277 3983 1378 4042 trattati,
1395 3980 1440 4028 hoe

172 4045 214 4096 pet·
230 4045 278 4084 not.
295 4037 321 4085 in
341 4040 394 4088 Cor.
412 4047 435 4088 8.
457 4041 527 4102 Prop.
547 4043 647 4092 nxvl.
667 4043 720 4092 Lib.
742 4045 785 4106 1.).
815 4055 857 4102 est,
874 4055 952 4094 moure
966 4045 1085 4109 sagunen
1097 4046 1245 4094 satellitisest
1255 4044 1285 4094 ed
1297 4053 1387 4094 moun
1398 4057 1440 4090 eu·

210 4103 399 4172 estmectionis
409 4120 477 4154 cause
487 4121 558 4169 quarn
568 4117 636 4154 sutor
647 4117 783 4155 nosternon
815 4108 920 4172 gerim
940 4109 1017 4158 Lunae
1034 4117 1063 4156 ut
1078 4109 1179 4158 suntad
1193 4108 1289 4158 invicem
1305 4107 1348 4156 toti
1363 4115 1441 4154 mettre

157 4172 261 4222 exponit.
297 4163 359 4212 Cbrn
374 4168 437 4214 enim
453 4169 561 4218 satellites
576 4171 644 4218 loris
653 4181 677 4218 et
689 4171 783 4218 Saturni
815 4173 930 4221 nodorum
940 4173 1083 4234 tenporibus
1094 4173 1180 4235 quibus
1193 4172 1283 4220 satelles
1293 4183 1317 4218 et
1328 4171 1400 4218 Luns
1409 4169 1440 4218 ed

156 4223 219 4274 cirri
235 4239 290 4273 suos
304 4227 405 4303 pleneus
415 4232 535 4292 primarios
545 4233 675 4282 describent
684 4233 785 4284 circulos
818 4235 896 4284 Solem
905 4237 1063 4291 revolvuntur,
1078 4235 1126 4284 sire
1136 4235 1222 4284 clarius
1232 4235 1257 4282 in
1267 4234 1356 4282 ratione
1367 4231 1440 4282 nodo·

156 4290 206 4338 fere
221 4299 377 4340 concentncos
394 4293 487 4358 (Pbrsn.
503 4297 523 4344 1.
537 4307 561 4345 et
578 4297 629 4358 11.)
643 4299 713 4346 Lune
727 4297 783 4348 verd
815 4313 869 4346 rum
881 4299 958 4348 burras
968 4299 998 4348 sd
1008 4311 1098 4348 motum
1110 4299 1225 4348 nodorum
1232 4311 1338 4346 murrum
1349 4305 1440 4346 ertem-

156 4353 219 4402 circri
240 4353 336 4402 Terram
354 4356 380 4404 in
398 4355 471 4406 orbiti
487 4360 589 4421 elliptiri
604 4362 742 4418 revolvetur,
759 4373 784 4412 st
815 4363 878 4424 posis
892 4363 1002 4424 periodici
1018 4363 1096 4412 Luras
1105 4363 1136 4412 ed
1147 4372 1238 4424 ternpus
1249 4360 1392 4420 periodictun
1403 4375 1439 4410 ss·

156 4419 231 4494 major
241 4419 271 4466 sit
281 4427 358 4466 motus
367 4419 783 4488 nodorumincrbitiellipn'ciquim
814 4425 894 4474 tellitis
908 4429 961 4490 (por
976 4428 1030 4476 Cor.
1045 4431 1083 4475 16.
1106 4427 1176 4486 Prop-
1192 4425 1290 4473 var.
1311 4423 1364 4472 Lib.
1378 4423 1401 4472 Ι.
1415 4433 1440 4472 et

156 4495 182 4526 rn
196 4483 311 4540 circulari,
330 4483 418 4531 ceteris
434 4486 542 4534 omnibus
555 4491 710 4548 manentibus,
726 4490 782 4538 hinc
814 4497 863 4538 me
876 4490 902 4536 in
919 4491 981 4538 idern
999 4489 1099 4552 Coreli
1141 4491 1197 4539 Jun
1214 4485 1439 4536 verbmotusuodo-

157 4546 309 4608 motussugis
316 4547 484 4622 cujuscumque
491 4551 595 4598 entellinis
603 4567 645 4613 per
650 4553 782 4614 analogiam
813 4568 868 4602 rum
880 4553 957 4602 Luna
967 4567 1061 4602 annuus
1070 4563 1105 4602 est
1115 4553 1213 4604 6968l‘2
1227 4561 1254 4600 ut
1268 4549 1347 4611 posted
1357 4551 1439 4600 thuri·

158 4622 185 4654 ex
196 4619 262 4656 motu
270 4624 338 4674 uugrs
348 4610 436 4658 lunaris
446 4623 559 4672 tarentus,
568 4615 667 4664 diminui
678 4616 746 4664 debet
756 4617 782 4664 in
814 4627 853 4666 tur
869 4633 885 4665 e
905 4617 1028 4674 Nevtono,
1048 4617 1126 4664 nodus
1141 4627 1220 4666 eutem
1237 4615 1339 4662 niellus
1357 4614 1439 4664 extimi

159 4671 523 4786 ffippriciipfipldfflmffilqnssp
536 4682 546 4723 l
559 4677 622 4790 *beli
634 4679 724 4792 Ἕω
734 4695 782 4728 non
810 4681 904 4745 jurielis
923 4681 991 4728 ennis
1006 4689 1100 4729 centum
1115 4681 1209 4728 coniicit
1225 4678 1261 4726 ⁸⁰.
1275 4677 1318 4726 Μ.
1338 4675 1439 4740 ideoque

461 4771 469 4785 ι
624 4757 649 4790 ul
701 4775 708 4790 .
916 4760 923 4774 ¹
1405 4762 1411 4774 ⁸

191 4815 224 4878 (⁸)
237 4821 250 4848 ⁸
262 4753 417 4882 AEqrqrutr'ones
427 4756 556 4870 memoli·
571 4823 633 4872 rtem
644 4803 730 4873 errtires
740 4839 783 4874 ee·
813 4771 894 4872 m
903 4759 1006 4872 qm?
1016 4769 1164 4874 gnum
1172 4746 1441 4876 agididfflitpuistepllige
