3516 5870
423 547 613 616 rannus
637 547 697 615 ac
721 545 975 654 aavuuxus
997 549 1167 618 naurs..
1362 559 1424 619 aar
1480 583 1485 607 ι

148 717 241 784 etiam
267 743 338 808 quae
362 723 427 787 sola
453 723 492 787 sit
514 723 635 786 veritati
659 731 873 798 consentanea,
899 721 1074 807 cujusmodi
1098 731 1145 785 est
1167 721 1332 807 gravitatio
1361 721 1426 786 uim

147 825 253 892 versis
270 829 375 893 Solem
390 828 481 915 quim
496 829 629 893 Lunam.
1413 889 1418 896 .

187 939 211 1017 t.
229 945 279 1001 14.
303 937 438 1001 Causam
453 935 546 1022 igitur
559 933 663 999 fluxis
678 955 714 1000 ac
728 931 865 998 refluxus
878 934 973 997 maris
992 934 1170 1017 proximam
1184 935 1217 998 in
1231 917 1313 1000 binis
1327 938 1423 1001 vorti-

146 1043 232 1108 cibus
253 1045 390 1108 materiae
412 1044 571 1129 cujusdam
592 1043 712 1108 subtilis
734 1043 930 1120 collocamus,
953 1062 1086 1127 quorum
1106 1043 1184 1107 alter
1201 1044 1284 1108 circa
1305 1045 1420 1124 Solem,

145 1149 223 1213 alter
236 1151 310 1213 sard
324 1150 406 1214 circa
429 1151 554 1215 Lunam
576 1152 619 1215 ita
633 1143 869 1238 circumagatur,
892 1163 930 1215 ut
951 1151 983 1213 in
997 1149 1130 1240 utroque
1143 1153 1224 1216 vires
1239 1153 1421 1241 uentrifisgae

143 1253 320 1320 decrescant
341 1257 374 1320 in
396 1255 552 1342 duplicati
576 1257 695 1322 ratione
716 1257 931 1322 distantiarum
953 1279 972 1320 a
991 1267 1098 1321 centm
1112 1257 1254 1334 votticis3
1277 1279 1348 1344 qum
1368 1260 1420 1324 lex

140 1361 187 1424 vis
202 1363 382 1452 centrifugae
396 1363 595 1442 obtinebitur,
612 1365 639 1429 si
660 1365 798 1429 materias
812 1361 932 1428 subtilis
947 1363 1096 1428 vorticem
1110 1365 1324 1428 constituentis
1338 1361 1418 1440 cele-

139 1467 213 1531 ritas
234 1481 388 1534 statuatur
407 1483 514 1535 tenere
533 1472 686 1536 rationem
700 1471 891 1556 reciprocam
906 1471 1153 1555 subduplicatam
1167 1471 1384 1538 distantiarum
1397 1497 1417 1538 a

139 1589 246 1641 centro
261 1579 395 1642 vorticis.
442 1579 648 1668 Quaecunque
668 1583 765 1668 igitur
786 1603 918 1667 corpora
938 1583 972 1645 in
993 1582 1166 1648 istiusmodi
1185 1585 1301 1648 vortice
1315 1586 1417 1668 positu

138 1683 178 1748 ad
201 1687 266 1769 ejus
288 1697 429 1750 centrum
450 1687 605 1772 pellentur
624 1689 655 1752 vi
676 1689 898 1766 acceleratrice,
919 1711 991 1774 qum
1003 1689 1120 1774 pariter
1134 1711 1171 1752 ac
1184 1689 1230 1754 vis
1244 1689 1417 1777 centriiirga

138 1793 295 1878 quadratis
317 1795 531 1861 distantiarum
546 1797 704 1882 reciproce
723 1811 771 1863 est
790 1797 1041 1883 proportionalis.
1086 1797 1143 1860 Vis
1157 1797 1298 1862 absoluta
1312 1811 1418 1884 autem

137 1899 198 1987 qui
220 1923 332 1988 corpus
354 1905 522 1990 quodpiam
542 1906 575 1970 iu
596 1905 668 1970 data
693 1905 838 1972 distantiis
861 1928 880 1969 a
899 1919 1007 1969 centro
1028 1902 1151 1969 vorticis
1173 1905 1415 1992 collocatumed

136 2020 274 2094 urgetur,
289 2009 406 2094 pendet
420 2034 440 2074 a
453 2011 609 2076 celeritate
624 2013 761 2077 materiae
776 2011 897 2076 subtilis
911 2011 1062 2076 absoluti.
1096 2012 1145 2076 Ac
1159 2010 1263 2095 primd
1276 2013 1412 2098 quidem,

136 2117 220 2200 quod
241 2119 282 2181 ad
293 2121 452 2186 'vorticem
474 2121 556 2186 circa
578 2122 682 2188 Solem
697 2133 831 2186 rotatum
846 2121 964 2198 attinet,
987 2121 1052 2207 ejus
1066 2119 1112 2184 vis
1127 2119 1268 2184 absoluta
1281 2143 1321 2185 ex
1335 2135 1413 2186 tem·

134 2243 212 2308 pore
237 2225 348 2291 Terrae
371 2229 531 2316 periodico
556 2254 627 2297 cum
652 2231 797 2297 distantia
822 2232 961 2318 ejusdem
986 2255 1005 2296 a
1031 2231 1104 2297 Sole
1125 2243 1305 2316 comparato
1326 2243 1414 2323 tanta

136 2333 301 2421 colligitur,
324 2347 360 2401 ut
381 2359 504 2423 corpus,
527 2341 613 2426 cujus
635 2339 779 2406 distantia
793 2363 813 2404 a
827 2351 934 2404 centro
956 2339 1037 2404 Solis
1051 2339 1179 2426 aequalis
1193 2351 1241 2402 est
1254 2337 1412 2404 semi-dia·

132 2456 232 2506 metro
256 2444 376 2524 Terrae,
402 2446 441 2512 ed
466 2447 647 2513 sollicitetur
670 2451 711 2526 vi,
739 2471 809 2535 quae
834 2448 873 2512 sit
899 2454 1026 2516 997519
1048 2447 1165 2512 vicibus
1185 2448 1294 2532 major,
1318 2429 1412 2532 duim

135 2560 180 2612 est
201 2551 337 2636 gravitas
359 2553 507 2619 nauuelia
522 2555 555 2620 in
570 2555 733 2641 superficie
748 2556 868 2620 Terrae.
914 2555 1086 2620 Metiemur
1099 2568 1203 2620 autem
1216 2555 1297 2618 hauc
1312 2555 1435 2639 ipsam.

130 2677 194 2720 vrm
215 2659 389 2726 absolutam
411 2665 559 2750 cujusque
580 2665 715 2742 vorticis,
737 2686 794 2750 per
816 2663 888 2743 viru,
912 2683 1005 2748 quam
1027 2661 1109 2726 idem
1128 2673 1238 2726 vortex
1257 2661 1357 2725 exerit
1378 2661 1411 2726 in

130 2763 273 2832 distantiat
286 2791 306 2832 a
316 2792 373 2834 suo
387 2785 495 2837 centro
509 2774 754 2838 semi-diametro
765 2773 875 2839 Terrae
886 2775 1015 2859 aequali:
1032 2797 1071 2838 ex
1083 2797 1145 2860 quo
1155 2775 1181 2838 si
1193 2773 1239 2838 vis
1250 2775 1409 2862 gravitatis

129 2877 281 2942 terrestris
303 2877 483 2968 designetur
502 2903 561 2968 per
584 2891 612 2960 l,
637 2883 696 2946 erit
710 2882 755 2946 vis
770 2882 912 2945 absoluta
930 2881 1011 2946 Solis
1037 2905 1069 2940 =
1089 2888 1226 2959 997519,
1250 2885 1336 2968 cujus
1351 2903 1409 2947 nu-

129 2985 208 3047 meri
228 2987 302 3050 loco
321 2988 481 3054 brevitatis
502 2985 601 3078 gratii
622 3005 745 3056 utemur
766 2991 868 3056 litterti
893 2993 926 3058 S.
972 2992 1071 3056 Simili
1092 2991 1187 3057 modo
1206 2993 1267 3056 vim
1283 2992 1409 3058 vorticis

131 3087 255 3152 Lunam
278 3092 429 3178 cingentis
451 3095 622 3158 absolutam
644 3096 848 3159 indicabimus
869 3095 969 3160 litteris
994 3097 1033 3173 L,
1055 3098 1141 3180 cujus
1156 3097 1292 3162 valorem
1315 3099 1409 3164 Nev-

128 3216 221 3264 tonus
243 3201 328 3265 recti
350 3201 422 3266 crim
444 3227 484 3268 ex
505 3205 574 3289 ipso
595 3205 683 3268 fluxu
705 3227 741 3268 ac
763 3205 885 3267 refluxu
906 3203 1009 3278 maris,
1029 3200 1095 3264 ttim
1111 3201 1204 3264 etiam
1221 3223 1260 3264 ex
1275 3225 1408 3287 praeces·

128 3305 214 3370 sione
240 3307 496 3392 aequinoctiorum
519 3309 714 3373 constituisse
736 3307 857 3371 videtur
877 3306 997 3370 circiter
1024 3305 1073 3384 ἡ.
1119 3303 1228 3379 Quare
1246 3306 1282 3383 si,
1305 3307 1407 3391 positi

128 3411 238 3478 Terras
260 3417 505 3481 semi-diametro
532 3443 563 3477 =
587 3427 614 3496 l,
639 3417 776 3503 corporis
798 3415 959 3500 cujusdam
980 3435 1000 3476 a
1021 3423 1129 3475 centro
1145 3411 1226 3475 Solis
1241 3413 1290 3476 vel
1304 3413 1407 3478 Lunae

125 3519 272 3586 distantia
286 3521 381 3588 fuerit
393 3547 426 3603 x,
450 3525 509 3589 erit
523 3526 579 3604 vis,
603 3525 663 3612 qul
679 3525 711 3588 id
726 3545 839 3609 corpus
854 3523 904 3586 vel
918 3519 958 3585 ad
975 3519 1079 3585 Solem
1095 3517 1275 3585 sollicitatur
1295 3523 1344 3588 vel
1366 3525 1407 3588 ad

412 3633 441 3698 L
601 3635 624 3700 S

125 3669 258 3748 Lunam,
275 3671 325 3734 vel
345 3697 377 3730 =
397 3721 447 3744 φ-
464 3672 565 3736 vel:
588 3718 649 3752 ..,
673 3673 717 3737 uti
737 3695 778 3736 ex
799 3671 904 3735 indole
922 3667 1036 3734 horum
1051 3665 1201 3762 vorticum
1217 3689 1317 3752 prona
1331 3693 1406 3735 con·
1455 3699 1456 3702 ¹

396 3757 450 3798 xx
586 3759 640 3800 xx
740 3763 748 3782 ·
973 3779 977 3786 -

126 3844 282 3924 sequentia
306 3842 384 3907 fluit
430 3845 469 3909 ln
497 3845 546 3910 his
572 3845 697 3931 quidem
722 3843 894 3908 litterarum
925 3841 948 3906 S
976 3851 1009 3903 et
1037 3837 1067 3901 L
1095 3836 1404 3906 determinationibus

126 3949 325 4014 assumsimus
346 3951 482 4015 mediam
506 3953 586 4017 Solis
608 3977 628 4016 a
648 3953 749 4016 Terra
770 3949 947 4015 distantiam
969 3953 1075 4012 90690
1090 3945 1404 4014 semi-diametrorum

126 4051 245 4131 Terrae,
269 4077 339 4140 quae
360 4081 399 4122 ex
420 4059 571 4144 parallaxi
593 4059 776 4124 horizontali
801 4061 860 4124 10''
880 4056 1027 4142 sequitur,
1051 4055 1152 4118 Luna
1166 4055 1241 4119 verd
1263 4079 1281 4120 a
1301 4058 1403 4122 Terra

124 4157 301 4222 distantiam
316 4163 448 4228 mediam
470 4175 512 4230 60
533 4165 845 4230 semi-diametrorum
860 4163 989 4237 Terrae3
1011 4160 1134 4224 interim
1149 4173 1252 4226 tamen
1268 4165 1346 4228 vires
1361 4165 1400 4230 ad

123 4287 211 4330 mare
225 4267 412 4334 movendum
432 4271 505 4338 hinc
520 4285 598 4338 ortae
613 4271 653 4337 ab
667 4273 715 4337 bis
729 4271 954 4359 hypothesibus
968 4289 1032 4332 non
1046 4267 1193 4352 pendent,
1209 4271 1255 4334 uti
1270 4291 1401 4357 sequen·

121 4372 205 4437 tibus
220 4375 347 4459 patebit.
839 4375 843 4382 ’
1405 4389 1407 4398 ’

166 4491 258 4566 §.15.
286 4487 445 4562 Quoniam
470 4493 563 4580 igitur
587 4509 699 4561 aestum
721 4495 815 4560 maris
837 4517 894 4581 per
918 4495 1008 4558 binas
1030 4494 1121 4571 vires,
1147 4515 1278 4578 quarum
1304 4495 1401 4561 altera

123 4593 227 4658 Solem
250 4597 385 4682 respicit,
409 4598 505 4664 altera
526 4603 659 4684 Lunam,
682 4627 789 4669 sumus
811 4603 992 4689 exposituri,
1016 4600 1104 4665 facile
1117 4601 1216 4665 videri
1239 4623 1398 4686 possemm

121 4702 250 4766 eandem
271 4705 400 4769 omninb
423 4709 658 4793 explicationem
680 4715 845 4801 suscipere,
868 4737 961 4800 quam
984 4713 1153 4778 Newtonus
1173 4711 1260 4777 dedit
1281 4715 1314 4778 in
1331 4692 1397 4779 ¹suis

124 4803 287 4895 Principiis
311 4811 542 4884 Mathematicis
565 4819 776 4907 Philosophiae
799 4819 966 4886 Naturalis.
1011 4815 1152 4883 Primdm
1167 4831 1271 4883 autem
1287 4833 1397 4918 potan-

735 4925 783 4975 Τ9
