3520 5884
338 515 416 580 xviii
820 515 1150 584 INTRODUCTIO
1481 515 1580 597 [Car.
1595 514 1625 582 1.

334 689 376 755 sit
397 687 438 754 M
461 689 499 768 P,
523 687 638 752 dantur
658 686 693 750 in
713 688 872 776 triangulo
886 691 912 766 ¹S
929 690 969 756 M
985 691 1013 754 P
1027 691 1109 756 latus
1126 688 1153 756 P
1170 688 1193 754 S
1208 686 1471 773 complementum
1484 687 1624 754 declina-

333 795 427 862 tionis
448 807 480 859 et
500 792 634 880 angulus
650 792 695 858 AE
719 794 746 858 P
768 795 814 872 D,
836 797 925 881 cujus
938 809 988 860 est
1001 818 1149 860 mensura
1165 794 1210 860 AE
1231 794 1276 871 D,
1293 817 1334 860 ex
1348 793 1409 882 qut
1424 795 1452 860 si
1465 793 1625 862 auferatur

334 901 493 990 quadrans
509 899 554 964 AE
569 911 612 976 φ,
630 897 757 964 dabitur
770 903 912 966 ascensio
927 914 1013 994 recta
1027 914 1059 962 ‘t’
1075 903 1119 968 D.

380 1021 429 1077 19.
447 1010 499 1074 Ex
512 1008 693 1102 hujusmodi
708 1010 975 1075 observationibus
986 1022 1018 1076 et
1030 1009 1155 1076 calculis
1170 1010 1332 1074 inventum
1342 1020 1391 1074 est
1403 1008 1539 1074 fixarum
1553 1011 1623 1074 lati-

333 1117 457 1182 tudines
465 1115 673 1180 immutabiles
685 1138 764 1193 esse,
776 1117 986 1204 longitudines
997 1117 1072 1183 verb
1084 1140 1141 1204 per
1150 1117 1290 1205 singulos
1302 1139 1400 1181 annos
1412 1125 1453 1182 50
1465 1119 1621 1197 secundis,

333 1237 365 1290 et
378 1247 437 1312 par
450 1247 549 1291 annos
572 1233 613 1294 72
635 1225 737 1313 gradu
750 1248 815 1290 uno
829 1225 1068 1312 quamproxime
1090 1225 1208 1314 augeri.
1257 1223 1353 1292 Unde
1366 1223 1565 1290 manifestum
1584 1228 1625 1292 fit

332 1333 438 1398 stellam
460 1332 539 1396 fixas
561 1340 649 1395 motu
670 1331 800 1417 proprio
823 1332 879 1396 sed
900 1333 1073 1397 lentissimo
1094 1331 1127 1396 in
1148 1331 1272 1396 circulis
1290 1332 1444 1416 eclipticoe
1461 1333 1619 1417 parallelis

333 1443 481 1530 progredi
496 1443 529 1506 in
544 1443 776 1527 consequentia,
794 1453 848 1507 aut
862 1442 889 1506 si
903 1443 1001 1508 stellae
1012 1441 1085 1506 fixae
1096 1443 1182 1506 omni
1196 1441 1326 1527 proprio
1341 1451 1429 1505 motu
1443 1443 1616 1525 priventur,

332 1566 449 1638 puncta
463 1553 693 1639 aequinoctialia
707 1552 835 1640 singulis
851 1553 940 1616 annis
955 1553 989 1616 in
1004 1550 1218 1616 antecedentia
1228 1549 1346 1614 moveri
1357 1571 1415 1634 per
1425 1571 1533 1614 arcum
1549 1553 1619 1632 50⁰,
1758 1640 1759 1643 Ἴ

333 1661 426 1747 atque
440 1660 510 1725 haec
525 1672 571 1726 est
584 1661 750 1746 praecessio
765 1661 1022 1748 aequinoctiorum
1033 1681 1075 1724 ex
1085 1659 1146 1746 quai
1162 1660 1199 1722 fit
1212 1672 1249 1724 ut
1261 1659 1316 1724 Sol
1330 1670 1419 1723 motu
1433 1660 1563 1745 proprio
1578 1661 1620 1725 ab

333 1771 520 1856 aequinoctio
540 1771 581 1835 ad
603 1771 687 1836 idem
708 1771 929 1858 aequinoctium
951 1768 1042 1834 sititis
1062 1780 1236 1834 revertatur
1250 1765 1345 1854 quim
1360 1789 1381 1830 a
1394 1767 1483 1832 stalli
1498 1767 1562 1832 fixt
1577 1769 1620 1833 ad

333 1878 474 1942 eandem.
534 1879 646 1943 Annus
675 1879 771 1965 igitur
801 1877 910 1942 solaris
935 1873 1160 1962 aequinoctialis
1188 1873 1314 1937 brevior
1338 1885 1387 1938 est
1411 1895 1495 1938 armo
1524 1875 1618 1941 solari

333 1987 464 2066 sidereo,
486 1989 548 2053 hoc
569 2001 616 2052 est
635 1989 761 2052 brevior
776 1999 823 2051 est
836 1997 977 2071 tempore
991 1985 1084 2048 unius
1100 1981 1301 2047 revolutionis
1318 1981 1399 2046 Solis
1415 2004 1434 2044 a
1448 1982 1537 2046 stalli
1552 1984 1617 2050 fixe

332 2093 374 2158 ad
395 2094 526 2159 eandem
547 2093 661 2170 lixam3
684 2092 859 2158 differentia
872 2105 920 2156 est
935 2095 984 2156 20'
1003 2090 1059 2158 17‘¹
1076 2111 1140 2176 quo
1154 2101 1296 2173 ternpore
1313 2087 1368 2153 Sol
1382 2100 1470 2152 motu
1490 2093 1619 2176 proprio

332 2225 439 2268 arcum
455 2207 512 2270 50⁰
528 2203 663 2266 coniicit.
708 2201 767 2265 Est
781 2200 857 2288 ergb
872 2223 972 2265 annus
987 2198 1127 2263 sidereus
1144 2195 1257 2263 365⁶*
1273 2195 1337 2263 6¹¹⁰*-
1353 2197 1383 2262 9'
1401 2200 1487 2282 17''.,

376 2317 428 2374 20.
452 2307 620 2373 Stellarum
634 2306 812 2370 distantiam
827 2305 958 2369 dicimus
974 2326 1081 2368 arcum
1097 2303 1206 2368 circuli
1220 2303 1350 2368 maximi
1365 2303 1445 2368 inter
1460 2305 1619 2370 stellarum
1689 2373 1692 2382 ,

333 2431 440 2483 centra
459 2417 730 2502 comprehensum,
751 2428 815 2493 aut,
839 2414 926 2501 quod
950 2413 1061 2478 eodem
1083 2411 1174 2492 redit,
1198 2411 1348 2500 angulum
1371 2435 1465 2498 quem
1486 2429 1578 2479 rectae
1599 2439 1619 2480 a

334 2528 448 2592 centris
470 2525 630 2592 stellarum
652 2525 692 2590 ud
710 2525 839 2590 'oculum
855 2535 974 2610 specta-

333 2635 410 2699 toris
431 2635 534 2699 ductae
556 2634 701 2698 efficiunt.
749 2633 784 2698 Si
805 2653 866 2718 ope
880 2632 972 2696 semi-
1192 2667 1232 2728 Μ

336 2743 445 2807 circuli
476 2745 526 2808 vel
562 2742 742 2830 quadrantis
772 2741 975 2805 observentur

333 2849 489 2916 distmrtiae
504 2849 601 2914 stellae
616 2849 745 2936 alicujus
760 2847 800 2912 ab
815 2849 882 2912 aliis
897 2848 974 2912 dua·

333 2961 393 3026 bus
415 2960 510 3026 stellis
526 2981 659 3047 quarum
680 2957 845 3044 longitudo
860 2967 891 3022 et
904 2954 973 3021 luti·

336 3069 414 3132 tudo
428 3079 512 3132 notoe
526 3079 608 3144 sunt,
632 3066 714 3130 illius
728 3087 853 3151 quoque
873 3063 974 3151 longi-
1017 3117 1047 3175 D

306 3227 309 3232 .
333 3175 412 3241 tudo
440 3189 472 3242 et
499 3176 632 3240 latitudo
662 3175 830 3240 dabuntur.
889 3173 973 3238 Nam

333 3295 401 3348 esto
424 3282 566 3368 ecliptica
592 3283 621 3347 E
647 3282 686 3360 L,
710 3282 803 3367 polus
828 3281 894 3366 ejus
921 3279 971 3358 M,

333 3390 431 3454 stellae
445 3401 529 3454 notae
543 3389 747 3478 longitudinis
758 3401 790 3454 et
803 3387 973 3453 latitudinis
1050 3465 1057 3490 ι

336 3497 360 3562 S
382 3509 414 3560 et
436 3497 473 3574 F,
496 3498 587 3561 tertia
608 3498 696 3562 stella
718 3497 761 3562 D.
806 3495 974 3562 Ducentur

335 3618 397 3690 tres
409 3603 515 3668 circuli
527 3603 699 3670 latitudinis
709 3603 748 3667 M
761 3605 794 3668 D
811 3603 849 3681 Ε,
862 3604 901 3668 M
912 3605 935 3669 S
946 3603 974 3668 B

334 3727 366 3777 et
392 3711 431 3777 M
455 3713 483 3778 F
504 3712 544 3790 A,
569 3715 692 3800 sintque
715 3712 797 3775 datoe
819 3711 974 3776 distantiae

335 3819 369 3886 D
383 3821 448 3886 Set
458 3821 492 3884 D
506 3821 541 3885 F.
572 3822 657 3896 Quia
668 3819 783 3884 dantur
794 3819 972 3883 latitudines

336 3926 359 3992 S
373 3925 400 3990 B
414 3937 447 3990 et
462 3925 489 3989 F
502 3927 533 3989 A
548 3925 707 3990 stellarum
725 3925 790 3990 Set
803 3925 839 4002 F,
856 3923 1014 3989 dabuntur
1029 3949 1136 3991 earum
1151 3929 1378 4014 complementa
1394 3931 1417 3995 S
1433 3929 1474 3994 M
1487 3943 1519 3995 et
1534 3931 1561 3994 F
1576 3929 1616 3994 M

334 4053 406 4096 cum
421 4029 538 4119 angulo
550 4029 578 4094 B
592 4029 683 4108 MA,
700 4033 788 4116 cujus
801 4051 948 4095 mensura
962 4044 1009 4095 est
1024 4053 1113 4097 arcus
1130 4033 1212 4112 BA,
1229 4036 1403 4101 differentia
1412 4033 1616 4124 longitudinis

334 4135 492 4201 stellarum
517 4137 540 4201 S
562 4147 593 4200 et
617 4135 653 4224 F
669 4148 700 4201 et
715 4137 787 4202 ideb
801 4137 834 4201 in
849 4137 1006 4224 triangulo
1025 4141 1048 4204 S
1064 4139 1090 4203 F
1106 4141 1155 4218 M,
1179 4139 1305 4206 dabitur
1321 4147 1344 4208 S
1360 4145 1397 4221 F,
1414 4167 1486 4208 cum
1500 4145 1618 4232 angulo

337 4243 417 4308 MS
439 4243 475 4307 F.
528 4243 620 4309 Datis
641 4245 675 4306 in
697 4243 853 4332 triangulo
874 4246 908 4309 D
933 4247 956 4310 S
980 4246 1015 4323 F,
1040 4247 1139 4310 tribus
1161 4247 1310 4313 lateribus
1333 4250 1458 4314 dabitur
1485 4253 1617 4341 angulus

335 4349 370 4412 D
387 4348 410 4412 S
426 4347 463 4425 F,
479 4361 509 4413 et
525 4350 550 4414 si
566 4371 606 4414 ex
622 4359 696 4415 360⁰
712 4373 766 4414 seu
782 4363 916 4438 quatuor
930 4351 1054 4438 angulis
1070 4354 1161 4418 rectis
1176 4356 1366 4418 subducatur
1381 4379 1504 4422 summa
1518 4379 1617 4448 angur-

276 4487 278 4492 ’
334 4455 439 4520 lorum
459 4457 602 4523 datorum
625 4459 658 4524 D
683 4461 705 4523 S
730 4459 757 4522 F
778 4473 809 4523 et
825 4459 853 4523 F
869 4461 892 4524 S
908 4459 957 4538 M,
976 4459 1102 4524 dabitur
1116 4463 1248 4550 angulus
1264 4463 1297 4526 D
1315 4463 1338 4526 S
1354 4461 1404 4539 M,
1422 4487 1492 4528 cum
1508 4487 1571 4549 quo
1585 4480 1618 4531 et

335 4566 417 4628 notis
431 4565 577 4630 lateribus
593 4567 626 4632 D
644 4569 666 4632 S
682 4579 713 4632 et
729 4569 752 4632 S
768 4567 817 4645 M,
845 4569 1038 4652 reperientur
1053 4569 1133 4634 latus
1150 4572 1189 4634 M
1204 4571 1237 4636 D
1253 4571 1514 4656 complementum
1530 4595 1617 4658 quae·

316 4757 318 4764 ‚
335 4671 405 4736 sitae
418 4671 588 4736 latitutbnis
603 4675 699 4738 stellae
715 4674 759 4752 D,
778 4687 809 4738 et
823 4675 956 4760 angulus
973 4675 1001 4740 E
1018 4675 1057 4741 M
1070 4675 1102 4741 B
1113 4678 1200 4761 cujus
1215 4699 1361 4743 mensura
1371 4691 1417 4742 est
1431 4701 1520 4742 arcus
1534 4681 1562 4745 E
1575 4681 1614 4759 B,
