3520 5884
307 561 372 626 xxa
782 563 1113 632 turnonocno
1430 561 1524 646 eta
1537 559 1584 626 n

345 739 398 796 24.
423 733 458 797 Si
478 733 689 819 atmosphaera
707 733 736 799 C
752 733 787 798 X
803 733 831 798 F
848 734 880 799 Ο
897 733 936 798 Μ
952 734 982 798 A
998 733 1110 797 Terrae
1124 733 1154 797 A
1170 732 1204 797 D
1220 731 1260 796 M
1275 729 1469 807 circumfusa,
1485 730 1585 796 divisa

299 839 491 928 intelligatur
503 825 538 904 in
552 841 730 906 innumeras
745 841 925 926 superficies
942 839 1109 926 sphaericas
1124 839 1243 903 telluris
1257 837 1432 924 superficiei
1451 861 1584 904 concen-

299 947 392 1012 tricas
409 946 590 1026 CXFO,
607 944 1584 1034 BVENatrintcrduashujusmodisuperficiacontentas

298 1068 330 1119 et
372 1055 451 1119 aiiris
490 1055 659 1140 superioris

297 1161 436 1247 pondere
458 1183 654 1248 compressus

297 1269 336 1334 etl
361 1269 487 1334 densior
513 1271 572 1335 erit
592 1269 657 1357 qud

297 1375 401 1441 mimis
417 1400 436 1442 a
449 1377 568 1442 telluris
583 1401 657 1443 can-

297 1496 349 1549 tro
371 1483 403 1548 T
428 1483 563 1548 distabit
609 1485 658 1549 Sit

301 1589 327 1654 Z
338 1591 361 1655 S
372 1589 409 1656 H
418 1590 552 1656 circulus
563 1591 656 1656 verti-

296 1693 371 1762 calis
387 1719 427 1761 ex
441 1709 550 1762 centro
564 1697 656 1762 tellu-

295 1806 339 1870 ris
356 1807 389 1871 T
402 1805 586 1892 descriptus,
607 1829 657 1870 ar·

300 1937 354 1980 cus
378 1916 401 1980 S
417 1915 454 1978 H
469 1915 601 1980 altitudo
615 1915 656 1979 si-
738 1907 742 1914 ’

301 2021 383 2086 deris
406 2024 429 2087 S
454 2043 548 2108 supra
572 2023 657 2086 hori·-

300 2143 423 2194 zontem
474 2131 656 2196 rationalem

300 2239 334 2303 T
348 2239 394 2317 H,
412 2253 444 2305 et
458 2239 485 2304 Z
501 2242 524 2306 S
539 2241 657 2306 distan-

295 2346 339 2410 tia
363 2347 473 2410 sideris
503 2369 523 2410 a
542 2347 657 2410 vertice

298 2451 334 2516 Z.
380 2453 413 2517 si
446 2451 553 2516 radius
577 2451 657 2516 lucis

300 2559 324 2623 S
343 2559 378 2622 X
393 2581 411 2622 e
426 2557 527 2624 sidere
544 2561 655 2646 Spro-

298 2985 334 3050 X
358 2987 389 3050 V
414 2987 591 3054 accedendo
613 2987 654 3053 ad

295 3093 559 3161 semidiametrum
586 3097 618 3161 T
644 3097 680 3161 X
705 3093 880 3182 superficiei
908 3095 1069 3182 sphaeriooe
1091 3096 1120 3162 C
1142 3095 1177 3162 X
1199 3095 1274 3162 FO
1294 3095 1581 3182 perpenunularem

295 3205 365 3290 (28)
391 3218 423 3270 et
446 3207 594 3293 quoniam
620 3207 700 3270 a‘e'ris
726 3205 863 3270 densitas
885 3205 919 3270 in
941 3205 972 3268 V
992 3207 1091 3292 major
1112 3217 1159 3270 est
1182 3203 1277 3292 quiam
1301 3205 1334 3269 in
1360 3205 1396 3269 X
1421 3204 1526 3268 radius
1547 3204 1581 3268 in

293 3323 415 3394 puncto
430 3309 661 3396 V,superflciei
678 3310 706 3373 B
723 3309 753 3372 V
770 3310 798 3374 E
813 3307 923 3374 rurstis
937 3309 1126 3397 refringetur
1140 3309 1317 3375 accedendo
1332 3309 1373 3374 ad
1388 3309 1420 3373 T
1434 3309 1475 3386 V,
1488 3307 1581 3394 atque

294 3414 339 3478 itt
360 3417 508 3482 continuo
528 3417 742 3483 incurvabitur
756 3416 836 3481 etin
850 3417 967 3480 lineam
990 3417 1025 3481 X
1047 3418 1078 3481 V
1094 3418 1125 3482 A
1140 3415 1247 3482 versus
1262 3417 1294 3482 Τ
1308 3439 1415 3480 cavam
1428 3417 1579 3482 flectetur.

296 3521 393 3588 Hanc
406 3545 534 3588 curvam
547 3537 656 3613 tangat
670 3527 703 3590 iu
718 3527 750 3591 A
764 3539 851 3592 recta
864 3529 895 3590 A
907 3551 933 3604 s,
949 3527 1067 3592 circulo
1080 3527 1219 3592 verticuli
1235 3527 1261 3591 Z
1277 3527 1314 3590 H
1328 3549 1495 3592 occurrens
1509 3527 1542 3590 in
1553 3549 1579 3602 s,

294 3642 327 3696 et
347 3632 495 3718 quoniam
515 3633 620 3698 radius
641 3635 720 3698 lucis
744 3637 767 3700 S
789 3635 824 3700 X
849 3635 926 3698 VA
949 3637 1076 3701 oculum
1098 3639 1278 3721 spectatoris
1299 3639 1332 3702 in
1355 3639 1386 3702 A
1407 3635 1581 3726 ingreditur

164 3785 171 3800 .
294 3739 465 3804 secundum
479 3739 683 3806 directionem
696 3741 855 3825 tangentis
871 3741 902 3802 A
919 3763 944 3818 s,
961 3741 1056 3819 sidus,
1073 3743 1158 3828 quod
1172 3755 1219 3808 est
1233 3743 1341 3808 reveri
1356 3743 1389 3806 in
1406 3744 1439 3822 S,
1462 3741 1581 3806 videbi-

293 3857 346 3910 tur
361 3845 394 3910 iu
409 3869 433 3923 s,
449 3847 483 3910 in
496 3845 567 3910 loco
581 3867 695 3930 nempe
709 3845 838 3922 altiore3
861 3859 974 3912 notum
990 3849 1073 3912 enim
1087 3861 1134 3914 est
1148 3873 1189 3915 ex
1203 3851 1305 3936 opticd
1317 3852 1471 3938 objectum
1483 3848 1579 3914 videri

292 3951 326 4014 in
341 3950 377 4016 eti
392 3951 475 4016 recti
490 3949 660 4014 secundum
678 3973 771 4036 quam
787 3951 823 4016 fit
840 3951 973 4017 directio
987 3955 1146 4020 radiorum
1160 3957 1267 4024 oculos
1282 3959 1533 4047 ingredientium.

336 4063 388 4122 25.
412 4055 608 4122 Producatur
630 4057 664 4121 T
679 4056 713 4121 X
728 4057 770 4122 al
786 4059 824 4135 L,
848 4071 884 4124 ut
907 4060 946 4124 sit
972 4063 995 4126 S
1011 4061 1046 4126 X
1062 4063 1090 4127 L
1112 4065 1243 4152 angulus
1264 4067 1474 4132 inclinationis
1499 4063 1577 4129 radii

298 4163 322 4229 S
338 4162 373 4227 X
395 4165 428 4228 in
447 4163 690 4249 atmosphaeram
710 4165 888 4246 incidentis,
911 4181 943 4234 et
969 4170 1048 4236 VX
1064 4172 1096 4237 T
1110 4175 1243 4262 angulus
1258 4175 1418 4254 refractus,
1435 4177 1507 4241 data
1521 4175 1580 4239 erit

292 4271 376 4336 ratio
390 4273 474 4338 sinin
489 4275 596 4362 anguli
611 4277 636 4340 S
651 4275 686 4340 X
702 4275 742 4354 L,
767 4277 808 4341 ad
830 4277 933 4342 sinum
948 4279 1054 4367 anguli
1070 4281 1101 4346 V
1116 4281 1151 4346 X
1166 4283 1198 4348 T
1213 4285 1281 4368 (28)
1297 4307 1334 4348 ac
1347 4281 1479 4368 proinde
1495 4284 1579 4350 sinus

293 4379 480 4466 angulorum
502 4381 713 4448 inclinationis
735 4398 830 4451 erunt
852 4409 976 4474 semper
997 4401 1033 4454 ut
1053 4391 1139 4456 sinus
1160 4393 1346 4480 ungulorum
1367 4391 1578 4458 refractomm.

293 4483 401 4560 Quart
417 4485 525 4550 sideris
540 4489 574 4552 in
588 4490 706 4554 vertice
723 4491 749 4555 Z
764 4494 936 4572 constituti,
960 4495 1015 4559 nbi
1035 4497 1139 4562 nullus
1153 4511 1201 4562 est
1215 4499 1347 4585 angulus
1362 4495 1577 4574 inclinationis,

290 4592 377 4656 nulla
397 4594 457 4657 erit
477 4595 630 4678 retractio,
654 4611 686 4663 et
712 4598 851 4665 siderum
868 4603 902 4666 in
916 4605 1087 4690 equalibus
1102 4629 1122 4670 a
1135 4607 1249 4670 vertice
1263 4605 1414 4673 distantiis
1436 4604 1578 4682 sitorum,

234 4783 238 4794 ·
292 4699 347 4764 ubi
362 4703 496 4786 equales
512 4718 584 4770 sunt
599 4707 838 4776 inclinationum
853 4710 969 4800 anguli,
985 4713 1120 4801 aequales
1134 4726 1226 4780 enmt
1238 4713 1446 4784 retractiones.
1496 4711 1577 4778 Solia
