3516 5870
392 475 456 538 288
641 469 910 548 INQUISITIO
933 467 1138 536 PHYSICA
1163 469 1211 533 IN
1236 467 1430 546 CAUSAM

393 646 570 731 conjunctio
592 646 657 710 sive
679 646 835 730 oppositio
855 645 1054 710 luminarium
1075 669 1186 710 verum
1205 644 1365 709 meridiem
1387 642 1436 706 vel
1457 641 1611 728 praecedit
1632 643 1691 708 vel

393 755 540 840 sequitur,
557 753 719 836 duplicari,
736 754 926 840 totidemque
941 756 1060 818 minuta
1073 757 1175 838 prima
1185 755 1224 820 ad
1240 767 1362 839 tempus
1371 753 1510 818 medium
1521 765 1686 830 notatum,
1755 779 1756 788 ¹

392 873 455 947 quo
475 861 578 924 fluxus
601 862 724 926 evenire
746 861 834 939 solet,
858 861 906 924 vel
928 860 1002 925 addi
1023 862 1072 925 vel
1093 861 1133 924 ab
1148 885 1186 926 eo
1201 861 1350 938 subtrahi,
1368 883 1431 947 quo
1445 883 1552 925 verum
1568 859 1687 924 fluxirs

390 980 582 1034 momentum
608 949 793 1045 obtineatur,
850 967 1009 1044 Quoniam
1040 980 1143 1032 autem
1171 969 1240 1034 haec
1269 969 1422 1034 correctio
1446 968 1556 1032 nititur
1584 981 1683 1032 motu

391 1074 493 1142 Lunae
515 1074 629 1151 medio,
651 1077 849 1159 perspicuum
872 1089 919 1140 est
940 1099 1008 1140 eam
1031 1077 1222 1141 correctione
1243 1079 1384 1142 ulteriori
1405 1099 1485 1160 opus
1505 1077 1633 1154 habere,
1657 1100 1681 1142 a

389 1205 465 1246 vero
480 1182 581 1249 Lunae
597 1193 689 1244 motu
699 1182 804 1266 petiti,
821 1206 892 1269 quae
903 1185 977 1248 verb
990 1183 1174 1272 plerumque
1185 1186 1245 1250 erit
1258 1185 1455 1264 insensibilis,
1467 1183 1538 1249 crim
1550 1209 1676 1250 summa

344 1312 354 1334 ·
389 1315 479 1378 aqum
493 1293 622 1358 elevatio
637 1315 701 1358 non
716 1292 819 1358 subiti)
833 1292 923 1372 adsit,
940 1293 995 1360 sed
1009 1316 1067 1380 per
1082 1306 1204 1380 tempus
1220 1295 1292 1359 satis
1307 1293 1444 1358 notabile
1459 1294 1560 1358 duret.
1755 1275 1756 1286 i

407 1410 410 1416 '
431 1407 454 1482 l.
470 1411 521 1466 61.
546 1401 616 1464 Nisi
638 1415 741 1466 autem
763 1379 929 1466 luminirria
949 1404 1094 1488 proxima
1108 1404 1171 1468 sint
1186 1401 1237 1468 vel
1250 1401 1460 1486 conjunctioni
1474 1400 1523 1464 vel
1545 1401 1675 1484 opposi-

387 1506 474 1584 tioni,
491 1508 629 1572 maxima
643 1509 737 1572 maris
753 1507 883 1574 elevatio
897 1531 961 1573 non
984 1511 1016 1573 in
1038 1511 1141 1593 ipsum
1160 1511 1262 1574 Lunae
1277 1509 1438 1572 transitum
1453 1529 1511 1591 per
1524 1507 1673 1572 meridia·

386 1637 462 1680 num
488 1615 611 1680 incidet.
658 1616 818 1692 Quoniam
843 1619 926 1682 enim
953 1619 1045 1684 Luna
1069 1621 1144 1684 dum
1167 1642 1267 1704 prope
1288 1619 1496 1683 meridianum
1517 1629 1672 1692 versatur,
1755 1653 1756 1662 κ

384 1745 442 1806 per
464 1723 590 1808 aliquod
612 1735 733 1809 tempus
756 1726 887 1794 eandem
909 1727 1103 1792 altitudinem
1117 1741 1290 1806 conservat,
1309 1729 1460 1812 tantisper
1474 1727 1568 1791 etiam
1582 1747 1672 1790 mare
1755 1735 1756 1800 j

385 1829 517 1894 eandem
539 1831 741 1895 elevationem
764 1834 925 1910 retinebit3
949 1845 980 1898 et
1000 1834 1082 1898 hanc
1098 1835 1139 1898 ob
1154 1857 1220 1898 rem
1235 1835 1261 1896 si
1281 1833 1336 1898 Sol
1350 1835 1467 1896 interea
1482 1833 1669 1897 sensibiliter
1755 1881 1756 1894 ,

384 1937 433 1999 vel
455 1937 495 2001 ab
517 1937 678 2002 horizonte
701 1940 835 2016 recedat,
852 1939 899 2003 vel
917 1939 958 2003 ad
974 1940 1107 2003 eundem
1123 1940 1259 2015 accedat,
1284 1940 1329 2002 vis
1354 1939 1435 2003 Solis
1451 1937 1491 2002 ad
1505 1961 1591 2001 mare
1606 1937 1670 2002 ele-
1755 1899 1756 1992 i

310 2027 313 2037 ⁴
384 2042 520 2105 vandum
541 2043 590 2106 vel
613 2060 732 2109 crescet
753 2046 948 2123 sensibiliter,
971 2046 1020 2110 vel
1040 2045 1213 2122 decrescet3
1236 2068 1276 2108 ex
1291 2069 1355 2132 quo
1369 2046 1445 2109 dum
1461 2046 1554 2110 Luna
1568 2069 1667 2130 prope
1755 2039 1756 2056 ¹

385 2149 594 2212 meridianum
617 2151 729 2228 existit,
754 2151 823 2215 ficri
844 2165 958 2235 potest,
982 2165 1017 2216 ut
1038 2165 1141 2216 tamen
1163 2175 1248 2216 mare
1264 2153 1432 2217 etiamnum
1447 2153 1594 2232 elevetur,
1620 2156 1667 2218 vel

383 2258 462 2324 adeo
480 2261 550 2344 jam
573 2260 766 2344 deprimatur
790 2261 907 2326 aSole.
953 2261 1004 2326 Ex
1027 2262 1076 2324 his
1102 2263 1197 2350 igitur
1219 2263 1418 2346 perspicuum
1444 2275 1491 2327 est
1516 2285 1668 2330 summam

380 2369 475 2433 maris
490 2369 684 2434 altitudinem
699 2369 818 2434 tardius
839 2355 892 2434 seu
907 2384 980 2454 post
994 2371 1158 2434 transitum
1179 2371 1281 2434 Lunae
1294 2393 1352 2454 per
1366 2371 1573 2434 meridianum
1587 2372 1667 2436 acci·

381 2475 455 2542 dere
480 2475 604 2554 debere,
630 2477 656 2542 ai
680 2499 717 2540 eo
741 2490 884 2561 tempore
910 2477 965 2542 Sol
989 2476 1029 2540 ab
1052 2477 1213 2542 horizonte
1237 2477 1373 2556 accedat,
1398 2477 1431 2540 id
1454 2478 1539 2564 quod
1565 2479 1666 2542 evenit
1755 2521 1756 2526 κ

379 2585 489 2650 diebus
518 2586 711 2650 novilunium
740 2599 771 2650 et
800 2585 1005 2671 plenilunium
1034 2584 1291 2668 praecedentibus.
1360 2583 1479 2648 Contrd
1507 2599 1609 2650 autem
1641 2584 1666 2648 si
1755 2555 1756 2596 l

380 2691 474 2758 Luna
494 2707 566 2777 post
589 2693 694 2758 Solem
716 2716 774 2778 per
795 2693 1002 2758 meridianum
1024 2705 1169 2770 transeat,
1193 2692 1288 2779 idque
1302 2693 1352 2758 vel
1373 2705 1445 2756 ante
1465 2692 1546 2758 Solis
1561 2707 1665 2756 ortum

378 2801 428 2862 rel
450 2816 521 2864 ante
544 2821 708 2876 occasum3
731 2813 807 2877 tum,
831 2803 904 2886 quia
926 2823 1011 2864 mare
1033 2801 1213 2863 intransitu
1230 2801 1331 2864 Lunae
1352 2821 1409 2883 per
1424 2799 1630 2862 meridianum
1645 2820 1667 2864 a

377 2905 408 2966 vi
431 2904 513 2968 Solis
535 2905 731 2988 deprimitur,
754 2906 923 2968 marrianam
946 2905 1055 2968 habuit
1074 2905 1271 2972 altitudinem
1285 2921 1357 2972 ante
1372 2909 1537 2992 appulsum
1560 2907 1664 2972 Lunae

378 3011 419 3075 ad
439 3012 656 3090 meridianum,
680 3012 714 3075 id
729 2993 815 3098 quod
837 3014 990 3100 contingit
1005 3014 1114 3078 diebus
1133 3017 1327 3080 novilunium
1348 3016 1593 3102 pleniluniunrve
1616 3037 1663 3080 se·
1755 3071 1756 3094 ,

265 3185 267 3190 .
377 3122 552 3208 questibus.
599 3120 739 3196 Quando
754 3134 857 3186 autem
875 3123 929 3186 Sol
945 3125 1049 3208 ipsum
1063 3123 1258 3188 horizontem
1273 3137 1414 3208 occupat,
1432 3123 1509 3188 dum
1524 3123 1618 3187 Luna
1630 3123 1660 3184 in

375 3231 548 3296 meridiano
563 3243 713 3309 versatur,
737 3243 804 3295 tum
825 3233 945 3298 etiamsi
968 3232 1115 3296 distantia
1130 3232 1212 3296 Solis
1227 3232 1266 3294 ab
1281 3232 1442 3296 horizonte
1455 3253 1608 3317 perquam
1622 3230 1661 3294 sit

373 3344 539 3422 mutabilia,
563 3355 669 3410 tamen
691 3344 763 3410 crim
785 3345 965 3426 elevationis
987 3345 1032 3408 vis
1047 3343 1200 3430 quadrato
1221 3321 1307 3406 sinim
1329 3342 1500 3408 altitudinis
1525 3341 1605 3406 Solis
1621 3341 1660 3404 sit
1755 3351 1756 3424 l

373 3451 624 3536 proportionalis,
641 3451 726 3537 quod
741 3451 869 3517 omniuo
884 3451 1048 3526 evanescit,
1071 3451 1164 3514 etiam
1179 3450 1239 3514 hoc
1254 3471 1328 3514 casu
1342 3451 1479 3514 maxima
1493 3471 1583 3534 aquae
1598 3447 1658 3512 ele·

374 3560 456 3622 vatio
479 3559 514 3622 in
535 3559 639 3644 ipsum
663 3561 764 3625 Lunae
789 3583 846 3644 per
869 3559 1077 3624 meridianum
1099 3560 1263 3624 trmrsitum
1285 3560 1411 3640 incidet,
1436 3560 1549 3646 hicque
1571 3579 1658 3622 casus

373 3666 456 3730 eirca
471 3665 675 3751 quadraturas
690 3667 891 3732 luminarium
905 3667 1009 3730 locum
1024 3663 1129 3728 habet.

415 3781 438 3858 §.
455 3783 508 3842 62.
525 3776 577 3842 'Ut
599 3777 694 3860 igitur
716 3777 898 3852 innotescat,
923 3791 1084 3864 quamtum
1106 3775 1188 3840 vires
1211 3773 1285 3840 cdm
1308 3776 1390 3840 Solis
1412 3774 1481 3840 tirm
1502 3774 1602 3840 Lunae
1617 3774 1657 3838 ad

371 3905 456 3949 mare
479 3883 665 3948 elevandum
686 3884 760 3948 dato
776 3897 916 3969 tempore
937 3886 987 3948 vel
1002 3899 1142 3950 crescant
1156 3885 1205 3950 vel
1219 3885 1411 3965 decrescant,
1426 3886 1504 3950 dum
1518 3884 1557 3950 ab
1572 3883 1656 3946 hori-

371 4005 461 4058 aoute
486 3990 713 4076 aliquantillum
738 3992 787 4056 vel
814 3992 974 4072 recedunt,
1004 3994 1054 4057 vel
1082 3995 1124 4059 ad
1149 3993 1284 4060 eundem
1314 3995 1477 4072 accedunt,
1505 4015 1655 4080 ponamus

373 4100 478 4166 Solem
501 4099 664 4166 Lunamve
690 4100 721 4164 in
745 4101 774 4164 L
795 4101 921 4177 versari,
951 4113 1044 4187 atque
1072 4102 1146 4165 inde
1175 4101 1216 4164 ad
1244 4115 1398 4186 punctum
1425 4101 1588 4166 meridiani
1616 4097 1655 4164 M

370 4207 527 4296 progredi.
573 4207 787 4292 Tempusculo
801 4231 877 4296 ergo
891 4233 949 4294 per
963 4211 1113 4298 angulum
1129 4212 1158 4276 L
1171 4212 1221 4276 Pl
1237 4241 1271 4266 =
1284 4211 1305 4275 d
1317 4220 1331 4272 t
1345 4217 1569 4296 repreasentate
1583 4231 1653 4296 pro·

370 4317 530 4404 gredietur
553 4317 646 4382 Luna
661 4317 709 4382 vel
725 4317 781 4382 Sol
802 4339 843 4384 ex
865 4317 895 4380 L
917 4319 950 4382 in
970 4319 982 4382 l
1001 4333 1094 4406 atque
1108 4320 1148 4385 ab
1162 4321 1324 4384 horizonte
1339 4322 1549 4388 removebitur
1563 4321 1655 4384 inter-

370 4423 452 4486 vallo
468 4423 497 4487 L
512 4423 553 4486 h:
576 4422 616 4486 ad
632 4423 717 4508 quod
740 4424 960 4488 inveniendum
975 4426 1015 4490 sit
1030 4441 1065 4490 ut
1078 4426 1150 4490 ante
1165 4425 1272 4512 anguli
1287 4427 1328 4494 M
1343 4428 1371 4491 P
1386 4429 1417 4494 L
1432 4429 1558 4494 casinus
1577 4456 1611 4482 =
1629 4435 1653 4501 t,

1362 4544 1395 4610 -Ι-
1415 4532 1466 4596 dt
1542 4595 1574 4610 ,,
1594 4532 1640 4595 dt

1304 4640 1336 4700 es
1356 4641 1386 4720 (1
1406 4673 1450 4686 -
1464 4645 1478 4696 t
1492 4633 1518 4712 t)
1640 4615 1651 4649 ’

371 4743 1025 4830 exquoorieturmguliMPlcosinus=
1042 4755 1054 4806 t
1070 4751 1102 4819 ÷
1119 4741 1388 4820 dt=t÷Tda
1407 4745 1659 4830 sijamponamr

371 4579 402 4632 et
416 4571 500 4634 ainus
523 4597 554 4630 =
576 4571 617 4650 T,
640 4573 759 4658 eritque
775 4575 840 4656 ipse
856 4573 987 4660 angulus
1003 4574 1032 4638 L
1050 4573 1103 4638 Pl
1124 4597 1155 4632 =
1175 4574 1226 4637 dt
1245 4597 1276 4612 -
