3564 5864
486 593 489 602 .
574 535 640 604 ET
661 531 914 604 REFLUXUS
938 533 1097 607 MARIS.
1405 543 1469 606 stt

191 717 336 774 centrum
350 709 509 798 gravitatis
528 709 658 788 morari,
681 707 833 774 drmhoc
846 708 1087 780 munaum
1100 708 1194 777 totins
1209 707 1383 794 systematis
1398 729 1470 772 cen-

187 831 271 884 trnm
286 818 445 908 gravitatis
461 821 498 906 (⁸)
514 819 663 884 continuit
677 820 860 886 revolvima

72 993 76 1000 .
233 929 437 1007 Gravitatem,
461 928 580 993 catenis
599 928 739 1014 paribus,
760 926 1028 1012 proportionalem
1052 947 1120 994 esse
1142 926 1308 1013 quantitati
1330 925 1468 993 materia

182 1035 299 1116 ‘aolidae
322 1039 470 1122 corporis,
492 1037 722 1102 accuratiam'ma
743 1035 857 1100 doomt
877 1035 1108 1120 experimontos
1124 1035 1287 1128 idemque,
1308 1053 1327 1098 e
1347 1033 1468 1100 calculo

189 1143 348 1229 gravitatis
372 1163 539 1228 corporum
565 1141 737 1207 aoelestiom
762 1141 1003 1225 comprobem
1037 1140 1113 1227 quia
1137 1139 1321 1228 gravitatem
1343 1161 1468 1226 quoquc
1559 1136 1566 1152 “

191 1249 278 1334 sequi
292 1249 445 1314 rationem
459 1249 599 1312 materiae
612 1248 755 1333 corporis
768 1245 876 1312 venatis
896 1247 982 1333 qnod
1004 1247 1159 1334 dirigitur,
1181 1267 1223 1310 ex
1235 1245 1389 1330 principio
1403 1268 1467 1312 me·

190 1367 312 1421 morato
332 1357 461 1442 aliisque
483 1355 673 1444 argumentis
695 1354 862 1441 colligitur.
908 1353 1024 1420 Similis
1046 1365 1092 1418 est
1114 1351 1194 1416 ratio
1211 1351 1342 1417 aliarum
1355 1351 1467 1416 ririurn

185 1483 258 1548 qum
278 1463 312 1525 in
333 1461 444 1526 naturis
459 1461 671 1525 dominantur.
713 1460 812 1524 Lusis
824 1459 905 1526 radii
918 1481 969 1526 ex.
984 1449 1032 1546 gr.
1047 1459 1147 1545 magis
1161 1456 1382 1546 retringmrur,
1406 1481 1467 1524 οω-

184 1569 260 1633 taris
280 1568 419 1653 paribus,
442 1565 505 1654 qud
526 1566 672 1632 (Ιαιιεὴη
683 1579 756 1632 sont
769 1587 901 1652 corpora
915 1585 987 1652 qum
1000 1565 1184 1631 subintrant.
1231 1563 1345 1646 Terrae
1362 1579 1466 1648 partes

185 1675 294 1741 rersris
316 1699 349 1740 se
370 1674 481 1740 mutui»
502 1675 668 1762 gravitant,
690 1697 755 1740 non
775 1673 884 1740 ressais
904 1675 982 1742 illud
1002 1687 1153 1758 punctum
1168 1675 1276 1740 ficturo
1291 1674 1376 1760 quod
1394 1695 1467 1740 cert·

186 1793 271 1848 trum
287 1781 398 1846 Terra
415 1781 626 1868 appellumnm
647 1781 733 1868 qnod
747 1779 820 1846 edm
832 1782 946 1848 rationi
966 1793 999 1850 et
1016 1781 1168 1870 matogia
1181 1793 1301 1846 nauum
1315 1781 1355 1846 sit
1368 1781 1467 1844 maxi-

185 1887 236 1954 mi
259 1902 515 1966 consentaneuor,
537 1901 606 1954 tum
629 1889 838 1974 pulcherrime
856 1889 1061 1956 confirmator
1086 1888 1321 1954 accurst'uaimis
1346 1889 1467 1974 experi-

186 1997 301 2090 mentis
316 2017 390 2083 quae
412 1997 446 2060 in
460 1996 579 2061 boreali
593 1996 731 2082 Emopte
744 2009 833 2082 porte
846 2017 950 2084 nuper
961 1997 1161 2062 instituerunt
1173 1996 1232 2060 riri
1248 1995 1408 2060 clarissimi
1427 2019 1467 2062 ex

186 2105 359 2172 Academici
383 2105 483 2194 Regii
505 2107 682 2172 Parisieusi.
728 2108 832 2174 Causa
852 2106 1010 2194 gravitatis
1033 2111 1250 2194 (quecumque
1265 2107 1392 2174 demum
1412 2109 1464 2190 sit)

188 2215 251 2279 late
272 2215 472 2294 dominatum
495 2215 628 2304 crimqne
642 2219 682 2282 sit
695 2217 819 2282 diversa
837 2217 871 2280 in
885 2216 1014 2280 disemis
1028 2214 1191 2292 mantis,
1212 2236 1277 2282 non
1291 2227 1339 2282 eat
1352 2216 1466 2282 miron-

187 2323 275 2402 dum,
292 2328 359 2412 ejus
372 2328 436 2390 rim
450 2327 587 2412 pendere
601 2351 725 2416 quoqne
740 2351 759 2392 a
772 2327 987 2416 magnitudine
1000 2326 1082 2393 illim
1095 2327 1245 2410 corporis,
1261 2325 1368 2392 versis
1382 2327 1467 2414 quod

186 2429 247 2494 alia
267 2431 408 2516 impellit
453 2433 600 2498 Fatemnr
617 2434 681 2497 rim
702 2434 784 2498 harto
799 2435 924 2519 aorpori
942 2433 1071 2498 oentrnli
1090 2432 1260 2516 improprie
1273 2433 1369 2498 tribui
1378 2455 1388 2510 3
1411 2455 1466 2500 ex·

183 2539 271 2623 pedit
286 2539 413 2626 quidem
426 2541 585 2606 brevitatis
598 2541 698 2630 gradi
712 2543 758 2607 sio
771 2543 868 2629 loqui,
884 2541 918 2607 id
932 2553 1036 2606 autem
1050 2561 1143 2606 sensu
1156 2540 1287 2628 wlgeri,
1307 2563 1373 2608 non
1392 2541 1465 2626 phi·

183 2651 345 2736 losophico
359 2665 407 2718 est
420 2652 666 2741 intelligendum.

227 2758 313 2822 Haec
326 2758 462 2823 breviter·
476 2757 598 2823 tannim
612 2757 666 2824 hle
680 2759 869 2847 attingimus.
914 2757 1086 2822 Nemonus
1098 2753 1263 2842 postqurim
1277 2755 1466 2824 definivisset

182 2863 247 2928 rim
271 2865 351 2930 Solis
374 2864 415 2930 sd
437 2888 531 2952 aquas
552 2865 727 2931 turbandos
748 2885 791 2930 ex
812 2863 985 2930 differendi
1008 2863 1150 2928 diametri
1171 2863 1336 2949 mquatoris
1351 2875 1384 2927 et
1397 2865 1464 2928 axis

183 2971 294 3034 Teme
315 2975 424 3056 (qnam
444 2973 715 3056 approximatione
736 2971 870 3060 qnidam
892 2971 948 3038 sui
972 2971 1224 3060 investigaverat)
1247 2991 1305 3056 per
1325 2971 1465 3058 regulam
1510 3051 1517 3072 ,

10 3137 12 3154 ‚
183 3092 310 3138 auream
331 3073 443 3160 querit
463 3075 601 3140 breviter
620 3097 785 3141 asoarrsum
804 3097 896 3162 aqnae
912 3097 953 3139 ex
973 3077 1005 3140 vi
1027 3075 1110 3141 Solis
1123 3074 1301 3142 oriundum.
1345 3075 1465 3144 verum
1591 3161 1600 3176 Ι

184 3183 324 3270 quamvis
339 3181 469 3248 elevatio
482 3203 583 3268 aquae,
599 3205 671 3270 qnae
685 3185 730 3249 aio
742 3183 859 3270 prodit,
874 3205 985 3268 param
1000 3183 1104 3248 avare
1119 3183 1254 3262 differat,
1274 3182 1346 3250 cim
1360 3195 1465 3254 umen

185 3293 385 3357 Problemata
404 3291 474 3356 huso
488 3291 551 3356 sint
564 3292 679 3357 diversi
698 3292 831 3381 generis,
854 3313 989 3378 quoram
1006 3291 1093 3376 prins
1111 3293 1262 3376 pendete
1275 3292 1463 3378 quadraturis

182 3403 300 3481 cisami,
322 3401 476 3488 posterius
496 3415 600 3468 antem
615 3425 634 3467 a
648 3402 837 3489 quadratur&
851 3400 1033 3488 hyparbnloe
1048 3423 1102 3466 aen
1115 3400 1319 3488 logarithmis,
1342 3415 1378 3468 nt
1390 3423 1463 3487 pos·

181 3510 232 3575 teti
252 3510 442 3588 videbimus3
466 3511 565 3596 sitque
587 3511 751 3577 dubitandi
771 3511 860 3576 locos
878 3531 920 3574 an
941 3533 962 3573 a
978 3509 1076 3595 priori
1090 3509 1134 3573 sd
1145 3511 1351 3594 posteriorum
1362 3513 1463 3578 elevas

180 3617 299 3682 tionem
313 3617 591 3695 determinandam,
609 3616 754 3682 transitus
769 3615 849 3682 adad
861 3616 963 3681 brevis
979 3617 1019 3680 ait
1032 3617 1119 3680 omni
1132 3635 1173 3680 ex
1186 3627 1274 3701 parte
1294 3617 1459 3704 legitimus,

181 3723 232 3788 vel
253 3724 347 3788 etiam
362 3745 404 3788 an
417 3723 584 3789 methodus
605 3723 665 3810 qni
688 3725 822 3812 figuram
837 3723 948 3788 Terrae
965 3721 1147 3786 definiverat
1160 3722 1200 3786 sit
1213 3723 1286 3786 satis
1301 3737 1461 3802 accuratu

183 3828 314 3918 cquue
328 3831 409 3896 vires
424 3830 633 3904 ‚subtilissimos
648 3843 768 3896 motum
782 3829 876 3894 maris
895 3828 1082 3913 producant,
1098 3849 1168 3914 quoe
1182 3827 1284 3892 ntnllos
1300 3827 1377 3892 alios
1391 3851 1461 3894 sen·

183 3937 285 4002 sibiles
305 3941 403 4006 edunt
422 3939 560 4020 effectus,
585 3938 664 4006 adad
685 3952 722 4005 nt
744 3939 898 4004 levissima
910 3959 1044 4024 quaeque
1057 3938 1093 4000 in
1105 3936 1164 4002 hoc
1178 3937 1392 4024 disquisitione
1404 3937 1460 4004 ali·

182 4044 270 4127 cujus
292 4046 440 4110 momenti
462 4067 529 4112 esse
549 4045 689 4132 possinta
718 4057 885 4131 propterea
905 4043 1079 4108 existimavi
1101 4065 1153 4108 me
1176 4043 1330 4108 facturum
1353 4065 1459 4129 operas

180 4151 336 4235 praetimn,
358 4154 385 4216 si
403 4155 496 4219 aliam
516 4155 670 4240 aperirem
684 4155 766 4218 viam
779 4153 841 4240 quai
856 4151 992 4218 ealmrlus
1006 4152 1040 4214 in
1053 4149 1140 4216 hisce
1155 4151 1404 4218 Problematibus
1418 4177 1458 4220 ex

180 4261 327 4350 genuinis
341 4263 500 4349 principiis
514 4265 741 4332 accuratissimi
755 4265 874 4330 institui
887 4263 1011 4348 pmsrit

225 4369 410 4454 Repetendn
428 4371 581 4456 imprimis
603 4384 676 4437 sunt
695 4393 795 4458 panca
816 4393 858 4436 ex
882 4371 1045 4446 Nswwno,
1071 4377 1182 4453 posteo
1201 4368 1283 4434 darn
1304 4368 1458 4438 divom

179 4495 355 4563 sequemur.
403 4476 451 4542 St
472 4477 502 4542 L
524 4479 626 4559 Luna,
649 4479 682 4544 T
703 4492 845 4544 oestrum
869 4476 989 4556 Terre,
1017 4475 1082 4542 Bb
1106 4475 1236 4560 planum
1260 4488 1355 4542 rama
1376 4478 1458 4545 LT

209 4657 245 4724 (¹)
259 4659 376 4720 Suspicari
386 4659 441 4708 liost
451 4659 551 4722 aliquam
562 4661 702 4725 obliquitatis
711 4661 800 4726 calipti·
830 4659 900 4710 miris
919 4659 1006 4710 indicio
1017 4659 1059 4707 erit
1070 4659 1131 4708 hanc
1141 4673 1190 4706 asso
1200 4659 1346 4719 phaenomeni
1354 4675 1454 4716 musam,

177 4737 212 4768 mr
223 4721 379 4780 emtionem,
393 4721 423 4770 do
437 4721 485 4785 qut
496 4735 615 4774 worout
625 4725 687 4787 apud
698 4737 801 4774 muno·
831 4725 852 4773 ri
870 4723 997 4774 conatam
1014 4722 1079 4770 illm
1096 4722 1245 4772 ratiotionem
1261 4723 1392 4787 analogiam
1408 4739 1455 4774 rar·

178 4799 235 4844 mar,
257 4801 287 4836 ex
307 4796 374 4836 motu
394 4786 455 4836 Solis
471 4787 533 4836 ciros
550 4797 655 4838 centrnrn
673 4789 802 4852 systematis
833 4803 951 4838 ruscum
961 4785 1258 4848 motulurisplanotarum
1268 4787 1372 4837 maximi.
