3540 5886
374 511 437 572 ³20
623 499 890 582 INQUISITIO
913 502 1116 570 PHYSICA
1138 499 1189 568 IN
1213 498 1408 571 CAUSAM

370 673 425 738 vit
469 673 568 740 Simul
584 685 690 740 autem
703 693 744 740 ex
761 674 871 740 iisdem
887 673 1194 740 determinationibus
1213 673 1396 762 intelligitur
1410 673 1469 738 aub
1485 673 1561 760 ipsis
1573 668 1665 760 polis

369 781 492 854 nullum
507 783 635 848 omnino
648 795 760 850 mmm
774 783 844 850 dari
857 783 1015 861 dimotum,
1037 783 1071 848 in
1085 783 1263 870 regionibus
1278 788 1353 847 verb
1367 806 1387 848 a
1400 781 1480 868 polis
1494 803 1560 846 non
1579 803 1663 868 pro-

369 889 420 953 cul
441 891 578 969 remotis,
600 891 656 955 ubi
677 890 845 958 luminaria
860 892 911 957 rel
931 912 996 958 non
1017 892 1161 958 criuntur
1182 892 1231 958 vel
1250 912 1316 956 non
1335 891 1492 967 occidunt,
1515 889 1662 976 quotidie

368 1015 468 1060 unum
488 1007 608 1064 tanmm
630 997 751 1062 fluxum
765 996 955 1087 unicumque
966 1000 1123 1066 ‘refluum
1137 999 1318 1088 confingere
1331 997 1465 1074 deberet
1487 1017 1558 1084 quie
1578 1017 1660 1060 con·

367 1102 527 1187 sequentia
549 1104 688 1184 theodin,
714 1106 773 1170 etsi
801 1106 1235 1172 observationibusnondum
1260 1105 1335 1188 satia
1363 1116 1412 1170 est
1439 1103 1657 1188 comprobata,

366 1222 471 1276 tamen
494 1213 568 1299 quia
588 1235 629 1280 ex
650 1215 760 1282 iisdem
780 1216 941 1301 principiis
963 1216 1101 1302 sequitur
1122 1235 1194 1303 quoe
1215 1214 1363 1282 institutis
1386 1212 1657 1278 observationibus

366 1321 564 1405 satisfachnt,
579 1327 657 1392 nulli
671 1325 804 1412 amplids
818 1327 915 1392 dubio
929 1328 1067 1414 subjecta
1077 1327 1209 1394 videtur.
1221 1349 1224 1356 ·
1244 1327 1282 1392 In
1299 1325 1375 1390 locis
1386 1335 1489 1390 autam
1501 1325 1655 1410 aequatos-i

364 1431 575 1515 propioribus,
605 1433 718 1518 quibua
741 1433 879 1520 quotidie
902 1435 968 1500 bini
989 1435 1093 1502 fluxus
1115 1434 1308 1520 totidemque
1333 1431 1472 1498 refluxus
1495 1433 1654 1510 eveniunt,

365 1561 569 1621 mutuatum,
591 1549 749 1632 quosque
762 1545 898 1610 maxime
911 1545 1097 1630 deprimitur
1109 1565 1175 1610 non
1188 1545 1263 1610 sada
1277 1541 1386 1608 exacte
1397 1542 1538 1608 medium
1556 1543 1656 1606 initer-

360 1649 467 1733 jacere
481 1649 662 1716 observatur
675 1651 756 1716 inter
769 1651 913 1716 fluxuum
926 1663 1093 1729 momenta,
1114 1649 1171 1716 sed
1185 1668 1262 1716 mox
1280 1649 1379 1735 priori
1396 1669 1473 1714 mox
1486 1647 1655 1734 posteriori

367 1767 415 1820 est
435 1757 574 1840 propius,
597 1757 683 1844 quod
701 1757 946 1842 phaenomenum
965 1779 1037 1822 cum
1058 1758 1165 1824 nosne
1186 1757 1309 1822 theorici
1329 1755 1471 1842 apprime
1488 1757 1655 1844 congruit;
1754 1757 1755 1776 l

340 1856 559 1932 'ostendimus
580 1869 879 1934 enimunomentum
898 1867 1036 1934 refluxiis
1058 1889 1124 1932 non
1146 1866 1257 1934 exacte
1283 1867 1418 1952 tempori
1442 1866 1548 1930 medio
1572 1867 1657 1930 inter

364 1973 468 2038 fluxus
489 1973 688 2058 respondere,
711 1975 774 2040 nisi·
785 1975 835 2040 rel
856 1975 943 2040 locus
957 1975 1034 2040 situs
1049 1974 1089 2038 sit
1102 1975 1161 2039 sub
1176 1987 1345 2062 aquatum,
1368 1974 1417 2038 vel
1440 1974 1543 2040 Lunae
1557 1973 1657 2039 deeli-
1755 2018 1756 2048 i

364 2080 450 2144 natio
463 2077 558 2156 fuerit
571 2081 667 2159 nulla,
684 2080 739 2144 sod
753 2079 848 2146 modo
862 2082 961 2166 priori
975 2079 1070 2146 modo
1084 2081 1250 2166 posteriori
1264 2081 1365 2145 durni
1380 2080 1599 2166 esse'pmpius

382 2225 387 2232 ·
408 2191 433 2267 §-
451 2193 522 2250 101.
547 2183 727 2252 Secundum
747 2187 990 2272 pbaencmenum
1010 2189 1073 2252 buc
1094 2189 1185 2266 redit,
1209 2199 1246 2254 nt
1258 2188 1374 2276 ubique
1392 2187 1535 2253 iocorum
1548 2190 1655 2254 dimus

364 2303 437 2377 post
461 2292 625 2358 ιιιιιιεὶῑιιιιι
647 2293 750 2358 Ltmoe
773 2315 831 2380 per
852 2295 1059 2360 meridianum
1079 2298 1188 2361 venire
1205 2297 1396 2374 observemr,
1419 2296 1515 2383 idque
1536 2299 1658 2383 aliquot

364 2405 516 2472 horarum
538 2407 649 2491 spatio,
673 2408 706 2472 tu
726 2407 878 2493 portubus
893 2397 1000 2474 reisds
1015 2415 1158 2495 apertum
1172 2415 1324 2474 oceanum
1338 2405 1525 2492 potenatibus.
1570 2405 1656 2470 Nam

364 2515 396 2578 in
422 2503 602 2603 regionibus
626 2537 697 2602 qun
722 2534 794 2582 nnn
817 2525 936 2582 oceano
960 2537 1026 2581 non
1050 2517 1209 2582 isaurius
1235 2515 1513 2591 communicantur,
1536 2512 1592 2577 sui
1613 2513 1657 2576 ni
1691 2491 1701 2518 ⁸
1756 2555 1757 2592 q

364 2633 441 2709 quas
463 2645 544 2710 equa
559 2626 653 2708 juxta
673 2625 777 2690 littora
798 2623 913 2690 deferri
933 2624 1037 2704 debet,
1059 2623 1160 2689 midtb
1181 2621 1301 2688 tardids
1315 2633 1408 2686 oestus
1424 2619 1558 2702 advenit,
1582 2643 1658 2706 quae

364 2730 532 2792 retardatio
554 2731 581 2793 si
601 2729 667 2794 ferd
682 2730 722 2794 ad
741 2738 780 2796 12
794 2731 888 2796 boras
903 2732 1051 2810 ascendit,
1073 2732 1108 2794 in
1122 2751 1296 2796 muscosae
1310 2729 1399 2806 solet,
1422 2743 1458 2794 ut
1475 2727 1660 2814 hujusmodi

364 2836 397 2898 in
424 2836 500 2898 locis
521 2835 626 2898 fluxus
651 2847 724 2899 ante
744 2837 908 2900 transitum
928 2838 1037 2900 Lunae
1061 2857 1119 2922 per
1144 2836 1352 2900 meridianum
1374 2836 1477 2900 venire
1495 2831 1654 2900 videamr.

365 2931 417 3010 Ita
435 2943 477 3008 ud
502 2945 634 3010 Portum
651 2945 773 3010 Gratiae
788 2943 887 3008 videri
907 2955 1014 3030 posset
1027 2945 1131 3010 fluxus
1148 2943 1267 3010 choris
1283 2943 1657 3010 Lunaeculminationem
1757 2945 1758 2996 i

364 3056 559 3134 antecedere,
584 3055 657 3120 cilm
669 3067 786 3136 tamen,
808 3078 844 3121 re
855 3056 937 3122 bend
950 3055 1154 3136 considerati,
1178 3080 1196 3120 a
1217 3057 1415 3142 pmcedente
1434 3055 1658 3119 ndminatione

363 3165 493 3244 oriatur,
517 3175 610 3252 atque
631 3161 711 3228 adad
731 3185 802 3228 eam
823 3174 844 3229 9
866 3161 932 3230 ferd
952 3163 1039 3229 horis
1061 3165 1187 3228 demum
1203 3175 1358 3250 sequatur,
1382 3162 1428 3227 uti
1450 3161 1613 3248 apparebit
1627 3163 1653 3225 si

363 3287 496 3338 astrum
518 3289 687 3354 momenta,
711 3297 781 3363 quoe
804 3274 977 3340 successive
999 3275 1039 3338 ad
1061 3275 1166 3338 littora
1182 3273 1354 3338 Britanniae
1370 3271 1506 3337 Minoris
1521 3283 1553 3336 et
1568 3271 1653 3335 Nor-

362 3383 498 3446 monniae
509 3383 715 3450 observantur
726 3385 936 3470 continuoque
946 3384 1046 3472 mebris
1058 3383 1265 3461 retardantur,
1278 3379 1425 3446 attentids
1438 3381 1653 3466 inspiciantur.

363 3493 505 3560 Deberet
526 3496 653 3581 quidem
674 3499 791 3584 ubique
809 3497 914 3562 fluxus
936 3496 969 3560 in
991 3495 1075 3580 ipsos
1098 3495 1200 3560 Lunae
1215 3495 1361 3558 uenatus
1374 3515 1433 3580 per
1446 3491 1653 3556 meridianum

292 3673 299 3685 ,
362 3599 511 3679 incidere,
534 3601 598 3666 imb
614 3604 802 3691 quandoque
816 3603 859 3667 ob
875 3603 981 3668 Solem
995 3599 1185 3688 praecedere,
1208 3621 1272 3664 non
1287 3600 1388 3664 solum
1403 3598 1508 3663 demtis
1529 3597 1651 3674 inertid,

361 3707 418 3772 aed
432 3707 526 3773 etiam
541 3709 578 3774 esi
592 3709 704 3795 positi,
717 3711 744 3774 si
758 3715 879 3774 tantum
891 3719 984 3796 'aquae
998 3721 1101 3772 motus
1117 3709 1269 3774 verticalis
1285 3721 1458 3794 spectetur3
1472 3719 1504 3771 at
1519 3706 1545 3770 si
1559 3705 1652 3770 etiam

362 3813 466 3880 motuis
489 3814 689 3880 horizontalis
711 3815 790 3881 ratio
812 3817 974 3895 habeatur,
997 3830 1064 3881 tum
1079 3817 1215 3883 dilucide
1233 3817 1424 3882 ostendimus
1438 3817 1560 3881 fluxum
1582 3837 1654 3902 per-

361 3924 458 4009 petuo
472 3923 634 4004 retmdari,
657 3949 694 3990 ac
708 3925 835 3992 demum
849 3937 922 4012 post
937 3927 1039 3992 Lunoe
1053 3929 1220 3994 transitum
1235 3952 1294 4016 per
1307 3928 1515 3994 meridianum
1529 3925 1654 3990 evenire

362 4033 487 4098 debere.
532 4033 674 4118 Tempus
688 4034 814 4120 quidem
829 4034 922 4120 hujus
938 4035 1165 4115 retardationis,
1182 4035 1254 4101 cdm
1268 4035 1308 4100 sit
1321 4036 1491 4100 admodum
1504 4031 1653 4097 sanabile

361 4143 567 4230 pluribusque
581 4142 822 4210 circumstantiis
837 4143 1020 4230 subjectmn,
1043 4165 1109 4210 non
1123 4145 1330 4224 definivimus,
1354 4144 1478 4210 interim
1490 4153 1597 4206 tamen
1618 4139 1653 4202 id

363 4273 404 4314 ex
418 4256 442 4333 §.
458 4257 510 4316 82.
526 4249 632 4340 colligi
645 4251 772 4334 poterit,
788 4249 914 4316 remotis
929 4251 1066 4314 externis
1088 4251 1335 4338 impedimentis:
1359 4250 1431 4317 crim
1445 4249 1528 4314 enim
1542 4249 1653 4311 inven-

364 4357 478 4424 erimus
507 4379 621 4445 aquam
649 4357 777 4443 proprid
809 4359 839 4422 vi
867 4357 1028 4446 gravitatis
1051 4379 1119 4424 sese
1142 4360 1176 4422 in
1200 4357 1294 4422 situm
1317 4355 1482 4444 aequilibrii
1511 4356 1652 4440 recipere

364 4517 505 4589 tempore
520 4476 562 4636 dn?
577 4507 737 4586 horarum,
753 4529 790 4573 ac
804 4529 1005 4575 numerumn
1021 4531 1088 4574 esse
1103 4507 1226 4574 circiter
1240 4517 1260 4576 5
1274 4509 1325 4574 vel
1341 4518 1373 4588 6,
1395 4504 1591 4572 manifestum
1605 4518 1654 4570 est

364 4685 453 4742 tanto
474 4677 568 4742 etiarn
589 4693 730 4767 temporo
752 4703 831 4768 opus
854 4705 930 4761 esse,
953 4707 1017 4770 quo
1039 4705 1119 4768 aqua
1140 4705 1213 4746 eum
1235 4684 1327 4748 situm
1342 4703 1434 4770 quem
1450 4681 1530 4746 vires
1551 4680 1657 4744 inten-

365 4783 456 4864 dunt,
480 4783 600 4866 induat,
623 4811 664 4852 ex
678 4811 742 4876 quo
756 4791 860 4855 fluxus
876 4793 1033 4856 circitare
1048 4791 1141 4856 horas
1156 4791 1205 4856 vel
1226 4796 1267 4874 ‘ll
1289 4791 1383 4856 horas
1404 4801 1475 4877 post
1490 4787 1659 4853 transitum
