3568 5872
320 544 396 610 mi
798 539 1132 610 INTRODUCTIO
1443 543 1542 622 [Gar.
1561 543 1608 612 11.
1623 615 1627 622 ⁴

321 713 411 780 Hine
439 712 514 778 verti
544 714 684 801 sequitur
700 712 821 778 ‘sideris
850 715 884 778 in
912 715 1027 780 vertice
1057 715 1094 792 Z,
1124 714 1283 780 constituti
1314 712 1500 797 parallaxim
1534 735 1607 782 esse

320 821 448 900 nnllam,
476 822 608 888 eandem
632 843 772 888 creseere
794 843 866 888 curu
891 823 1036 890 distantid
1062 847 1084 888 a
1106 825 1222 890 vertice
1245 824 1331 889 etin
1350 823 1515 890 horizonte
1534 825 1605 890 fieri
1626 843 1629 850 ’

321 929 500 994 maximam.
562 929 710 1015 Sequitur
736 935 860 1017 quoque
891 931 977 994 sinus
1005 929 1211 1014 parallaxium
1236 930 1270 994 in
1295 929 1424 1015 paribus
1449 929 1560 996 sideris
1586 953 1610 996 a

219 1017 233 1030 ³
322 1045 431 1101 centro
456 1047 548 1100 terrae
570 1034 723 1102 distantiis
745 1059 813 1102 esse
833 1049 868 1102 ut
890 1037 975 1102 sinus
996 1036 1210 1104 distantiarum
1233 1037 1370 1100 suarum
1387 1059 1407 1100 a
1426 1035 1552 1115 vertice,
1574 1051 1609 1104 et

322 1139 394 1207 idad
408 1144 435 1207 si
448 1141 539 1206 detur
552 1143 719 1227 paralhxis
734 1143 845 1209 sideris
858 1144 892 1210 in
906 1141 1010 1230 aliqud
1024 1167 1043 1208 a
1058 1145 1172 1210 vettius
1185 1143 1341 1224 manna,
1357 1143 1483 1210 dabitur
1496 1144 1530 1210 in
1540 1143 1603 1212 att

323 1249 432 1337 quiris
446 1248 591 1316 disunut
608 1249 765 1314 avertice.

376 3465 427 3522 81.
450 3457 535 3524 Data
561 3457 671 3526 sideris
694 3457 737 3536 Q,
764 3455 917 3544 parallaxi
940 3458 972 3523 A
995 3456 1029 3534 Q
1051 3453 1092 3534 T,
1115 3457 1187 3520 cum
1208 3449 1325 3541 angulo
1348 3451 1614 3519 ZAVseudis·

332 3561 428 3626 tantid
455 3578 623 3647 apparente
647 3587 667 3630 a
690 3565 814 3643 vertice,
838 3565 930 3629 datur
951 3565 983 3628 in
1009 3559 1244 3628 semidiametris
1268 3571 1361 3624 terrae
1380 3571 1448 3622 tum
1467 3559 1613 3626 distantia

335 3669 369 3746 Q
384 3669 416 3733 T
438 3671 546 3736 sideris
569 3672 602 3747 Q
623 3695 642 3736 a
663 3683 771 3738 centro
790 3683 893 3748 terra,
910 3683 978 3734 tum
992 3669 1137 3736 distantia
1147 3669 1213 3752 ejus
1229 3667 1259 3731 A
1276 3665 1310 3742 Q
1324 3689 1343 3729 a
1357 3665 1426 3729 loco
1442 3665 1482 3729 A.
1527 3666 1614 3731 Dato

333 3777 417 3840 enirn
438 3779 555 3867 angulo
578 3778 604 3843 Z
619 3779 651 3843 A
666 3779 700 3856 Q
721 3776 814 3841 datur
835 3775 867 3840 T
882 3776 914 3840 A
930 3776 963 3852 Q
977 3775 1240 3859 complementum
1254 3771 1336 3835 illius
1351 3770 1391 3834 ad
1406 3771 1485 3835 duos
1501 3787 1614 3849 rectos,

332 3881 427 3960 unda,
454 3885 497 3948 ob
524 3885 632 3948 datum
653 3884 747 3947 etiam
771 3880 923 3970 angulum
948 3881 980 3945 A
1005 3880 1038 3957 Q
1059 3880 1100 3958 T,
1121 3879 1236 3943 dantur
1257 3889 1320 3942 tres
1342 3877 1449 3965 anguli
1468 3879 1616 3965 trianguli

336 3989 369 4066 Q
385 3990 416 4053 A
431 3989 473 4066 T,
495 3989 665 4076 exquibus
685 3989 778 4054 datur
800 3987 880 4052 ratio
901 3987 1034 4051 laterum
1059 3988 1141 4050 inter
1162 4007 1204 4050 se.
1250 3985 1339 4050 Hinc
1362 3983 1434 4048 datt
1457 3985 1565 4048 sideris
1588 3985 1617 4050 P

334 4097 486 4182 parallaxi
501 4097 695 4176 horizontaii,
711 4099 738 4164 si
749 4081 902 4163 'inferatur
916 4109 952 4162 ut
966 4098 1052 4162 sinus
1066 4095 1261 4182 parallaxeos
1275 4093 1316 4159 ad
1332 4095 1433 4160 sinum
1448 4107 1557 4172 totum,
1574 4092 1618 4160 itai

334 4206 561 4272 semidiameter
575 4205 694 4270 telluris
708 4208 740 4272 A
756 4207 788 4271 T
802 4205 843 4272 ad
858 4219 1003 4293 quartum
1017 4206 1208 4272 obtinebitur
1223 4205 1370 4270 distantia
1386 4205 1414 4270 P
1429 4205 1461 4270 T
1475 4204 1584 4270 sideris
1599 4228 1618 4270 a

335 4327 443 4378 oentro
458 4325 549 4380 terrae
564 4315 606 4382 ob
621 4315 771 4402 ungulum
787 4315 819 4380 T
833 4316 865 4379 A
881 4315 1052 4380 Puectum

380 4431 432 4489 82.
457 4425 548 4490 Sinus
567 4423 772 4510 parallaxeon
794 4423 932 4510 siderum
955 4423 988 4501 Q
1010 4438 1041 4490 et
1063 4449 1085 4514 q
1104 4427 1136 4490 in
1158 4421 1330 4512 aequalibus
1351 4419 1504 4488 distantiis
1526 4443 1622 4506 appa·

334 4529 476 4594 rentibus
497 4554 518 4594 a
536 4531 664 4610 vertice,
685 4531 806 4596 suntin
821 4531 942 4596 ratione
957 4533 1119 4617 reciproca
1136 4531 1352 4598 distantiarum
1367 4529 1501 4595 siderum
1516 4551 1536 4592 a
1550 4551 1623 4594 cen·

336 4649 386 4702 tro
401 4649 501 4702 terrae.
548 4637 674 4703 Etenim
689 4651 724 4704 ut
739 4639 825 4706 sinus
839 4639 1035 4725 paraiiaxeos
1053 4641 1083 4703 A
1099 4639 1132 4716 Q
1147 4639 1188 4717 T,
1204 4637 1244 4703 ad
1260 4637 1363 4702 sinum
1378 4633 1484 4723 anguli
1500 4633 1570 4700 ΖΑ
1581 4635 1633 4714 ν,-

337 4744 382 4810 ita
404 4757 450 4810 est
472 4742 775 4822 ATadQTet
797 4759 832 4812 ut
854 4747 939 4812 sinus
962 4745 1068 4833 anguli
1090 4741 1219 4826 ZAV,
1244 4743 1285 4810 ad
1307 4739 1625 4828 snumpmluxsos
