3564 5864
390 541 452 596 242
659 635 671 646 -
692 539 757 605 DE
780 541 933 608 CAUSA
956 539 1159 606 PHYSlCA
1183 541 1372 610 FLUXUS

388 721 420 772 et
450 730 612 772 ascensum
638 732 728 796 squoe
758 735 797 778 ex
830 713 962 800 utrique
990 716 1021 778 vi
1050 714 1218 781 oriundum
1240 716 1273 779 in
1295 715 1447 782 distantiis
1468 716 1674 781 luminarium

388 819 597 884 mediocribus
619 819 685 886 sore
705 823 823 908 pedum
846 833 887 890 50
910 847 982 889 cum
1004 825 1139 890 semisse.
1185 825 1311 890 Harum
1328 827 1441 891 virium
1462 828 1613 890 rationem
1629 847 1675 890 ex

387 927 654 993 observationibus
675 953 693 992 a
716 929 812 994 celeb.
830 931 952 997 Cassini
973 932 1006 995 in
1028 931 1098 996 loco
1120 931 1328 1018 supracitato
1343 931 1443 996 allatis
1458 931 1670 1018 quaesivimus.

388 1036 508 1101 Verum
529 1037 601 1102 crim
621 1053 736 1124 praeter
756 1041 917 1128 generales
939 1063 1048 1105 causas
1063 1043 1130 1126 jam
1150 1055 1335 1106 memoratas
1355 1061 1487 1126 quarum
1502 1039 1613 1127 aliquae
1628 1041 1671 1104 ad

386 1144 540 1208 calculum
560 1145 614 1208 vix
634 1148 774 1211 revocari
794 1161 934 1232 possunt,
958 1147 1028 1210 aliae
1042 1149 1136 1212 varioe
1150 1170 1191 1212 ex
1204 1147 1345 1211 locorum
1359 1147 1430 1224 situ,
1450 1146 1601 1211 vadorum
1620 1149 1670 1211 in·

386 1252 467 1330 dole,
491 1263 655 1317 ventorum
675 1256 706 1316 vi
727 1266 758 1319 et
781 1253 874 1342 plagi
896 1255 1077 1340 pendentes,
1099 1266 1193 1318 oestus
1211 1255 1305 1318 maris
1319 1275 1404 1318 nunc
1418 1255 1560 1339 majores,
1582 1275 1670 1318 nunc

387 1361 522 1425 minores
544 1361 687 1439 reddant,
710 1384 773 1426 non
789 1375 835 1426 est
849 1362 964 1426 mirum
985 1363 1012 1426 si
1033 1365 1112 1426 vires
1135 1362 1238 1427 Lunae
1253 1384 1324 1448 quae
1337 1361 1493 1447 prodeunt
1506 1383 1547 1425 ex
1561 1362 1669 1425 obser-

386 1467 561 1530 vationibus
576 1467 609 1530 in
623 1467 699 1531 locis
714 1467 853 1546 diversis,
869 1467 917 1532 vel
932 1469 966 1531 in
981 1467 1091 1531 eodem
1104 1467 1174 1532 loco
1188 1467 1317 1532 diversis
1331 1467 1564 1551 tempestatibus
1579 1467 1668 1531 insti·

347 1607 352 1614 ·
385 1572 462 1638 tutis
484 1593 551 1636 non
572 1571 664 1656 plane
686 1573 888 1637 consentiant
936 1573 1098 1658 Computis
1113 1573 1207 1662 igitur
1223 1594 1301 1658 quos
1316 1572 1356 1636 de
1370 1583 1458 1636 motu
1472 1573 1566 1636 maris
1582 1593 1622 1636 ex
1636 1574 1669 1638 vi

386 1681 489 1747 Lunoe
511 1681 645 1745 oriundo
667 1681 854 1746 instituimus
874 1681 1071 1746 recensendis
1095 1681 1375 1765 impresentiarum
1399 1701 1464 1745 non
1488 1679 1668 1746 immorabi-

384 1811 467 1854 mur.
514 1789 685 1876 Postquam
706 1788 780 1854 verb
802 1789 1032 1860 observationes
1054 1789 1166 1876 sliquae
1188 1790 1270 1854 circa
1284 1802 1378 1854 aestus
1393 1791 1486 1853 maris
1500 1791 1541 1854 ad
1562 1790 1667 1855 littora

384 1897 542 1962 Americae
556 1909 587 1960 et
602 1895 703 1960 Indiae
718 1895 886 1960 Orientalis
901 1919 978 1982 quas
993 1909 1202 1981 expectamus,
1218 1895 1258 1960 ad
1273 1919 1382 1961 manus
1396 1896 1603 1979 pervenerint,
1626 1897 1667 1962 de

383 2005 469 2070 hisce
492 2005 597 2068 forsan
621 2002 735 2069 certiris
755 2004 940 2089 judicemus.
998 2001 1209 2067 observamus
1234 2001 1354 2067 tantrlm
1377 2015 1470 2066 aestus
1494 2004 1527 2066 in
1551 2005 1667 2067 minori
1763 2083 1767 2092 .

382 2113 503 2176 ratione
517 2111 696 2175 decrescere
710 2110 809 2174 videri
827 2107 920 2195 quim
935 2107 1090 2193 duplicati
1102 2108 1187 2172 sinus
1203 2109 1419 2192 complementi
1434 2107 1647 2175 declinationis
1655 2137 1665 2188 ς

383 2220 459 2304 quin
481 2229 512 2282 et
533 2217 662 2303 reliquae
683 2213 778 2280 aestlrs
800 2215 885 2302 leges
905 2214 1066 2302 generales
1086 2237 1127 2278 ex
1147 2227 1234 2278 motu
1254 2237 1343 2302 aquoe
1365 2216 1524 2300 reciproco
1541 2231 1666 2300 pertur-

381 2329 506 2392 bantur.
556 2325 620 2391 Sed
634 2346 777 2388 veremur
791 2345 832 2389 ne
846 2323 974 2390 aedium
990 2323 1101 2408 pariat,
1124 2323 1149 2386 si
1172 2335 1347 2409 repetamus
1361 2346 1432 2410 quoe
1446 2325 1486 2388 ab
1499 2325 1565 2388 aliis
1582 2328 1665 2411 jam-

382 2437 503 2502 dudum
518 2433 632 2499 tradita
645 2445 728 2498 sunt.
758 2431 869 2498 AEstus
884 2431 1019 2496 anomali
1033 2455 1053 2495 a
1067 2432 1207 2496 locorum
1218 2443 1250 2496 et
1258 2431 1392 2496 marium
1405 2432 1467 2498 situ
1480 2433 1665 2524 plerumque

383 2543 521 2628 pendere
535 2541 689 2606 videntur.
736 2538 977 2605 Observandum
990 2551 1095 2604 tamen
1109 2561 1150 2604 ex
1168 2538 1287 2604 theorici
1302 2540 1461 2627 gravitatis
1475 2543 1572 2628 sequi,
1594 2545 1665 2608 uni-

382 2671 454 2713 cum
475 2649 596 2714 tantum
618 2661 729 2712 aestum
749 2645 849 2732 spatio
871 2654 913 2710 24
935 2645 1084 2712 horarum
1106 2647 1287 2734 contingere
1307 2669 1530 2736 nonnunquam
1549 2651 1665 2718 debere

381 2753 415 2818 in
435 2755 511 2818 locis
533 2753 615 2819 ultra
636 2761 678 2820 62
700 2753 833 2840 gradum
854 2751 1034 2834 latitudinis,
1057 2753 1085 2818 si
1104 2753 1308 2842 reciprocatio
1321 2753 1425 2820 motin
1440 2775 1530 2842 aquoe
1544 2756 1578 2820 id
1591 2779 1664 2844 per-

383 2863 561 2926 mitteret*

425 2967 522 3046 Quod
536 2968 562 3032 si
583 2968 716 3054 eualysis
731 2969 923 3036 diversarum
937 2994 1101 3038 causarum
1115 2997 1186 3062 quae
1202 2975 1242 3040 ad
1257 2989 1350 3042 aestus
1363 2974 1569 3062 phaenomena
1588 2995 1663 3060 pro·

383 3076 527 3142 ducenda
549 3075 721 3154 conferunt,
745 3081 887 3143 accurate
909 3079 1027 3146 institui
1041 3093 1156 3166 posset,
1172 3081 1205 3146 id
1221 3081 1304 3147 certe
1319 3083 1360 3146 ad
1374 3067 1549 3146 uberiorem
1563 3081 1662 3145 acien-

380 3187 456 3252 tiam
481 3187 593 3250 virium
615 3199 646 3252 et
667 3200 808 3252 motuum
830 3190 1003 3274 systematis
1023 3189 1133 3254 mundi
1154 3213 1218 3254 non
1239 3211 1350 3276 parurn
1366 3189 1530 3255 conferret.
1574 3188 1662 3254 Hinc

381 3297 465 3360 enim
487 3297 562 3360 situs
585 3296 684 3360 centri
704 3297 863 3384 gravitatis
887 3298 987 3362 Lunae
1010 3311 1041 3362 et
1063 3300 1183 3377 Terroe,
1207 3313 1239 3365 et
1260 3323 1329 3386 quae
1347 3300 1387 3364 ad
1406 3298 1662 3388 aequinoctiorum

379 3407 620 3489 praecessionem
643 3406 763 3493 aliaque
784 3407 992 3492 phaenomena
1012 3421 1132 3472 naturae
1153 3409 1287 3496 insignia
1307 3423 1457 3495 spectant,
1480 3407 1591 3473 certids
1613 3407 1661 3469 in·

379 3523 583 3574 notescerent.
630 3511 717 3588 Quas
738 3512 780 3576 ob
802 3533 910 3576 causas
932 3513 1076 3578 ascensirs
1097 3537 1187 3600 aquae
1208 3517 1421 3601 quantitatem,
1443 3537 1603 3601 quousque
1621 3535 1663 3578 ex

381 3617 519 3682 motibus
545 3619 721 3684 coelestibus
747 3643 816 3684 eam
839 3623 962 3708 assequi
987 3623 1067 3700 licet,
1089 3623 1231 3687 accurate
1250 3624 1458 3689 definiendam
1480 3638 1511 3689 et
1530 3625 1662 3688 demon-

379 3723 546 3802 strandam,
569 3725 677 3810 positis
699 3725 819 3811 legibus
841 3727 999 3813 gravitatis
1022 3751 1093 3814 quae
1114 3751 1155 3793 ex
1176 3731 1442 3798 observationibus
1464 3731 1662 3796 deducuntur

379 3829 433 3915 (de
448 3831 535 3914 cujus
550 3831 642 3894 causa
657 3827 790 3894 hicnon
804 3845 851 3894 est
866 3830 1038 3898 disserendi
1052 3835 1152 3916 locus)
1166 3838 1352 3922 putavimus.
1399 3839 1541 3926 Cogitata
1554 3849 1660 3902 autern

379 3936 449 4004 hoec
473 3939 699 4024 qualiacunque
716 3940 836 4024 judicio
859 3940 1073 4008 illustrissimae
1096 3946 1276 4012 Academiae
1308 3949 1427 4037 Regiae,
1458 3971 1551 4035 quam
1574 3951 1660 4014 omni

379 4043 499 4108 honore
513 4057 545 4108 et
559 4045 729 4110 reverentii
745 4069 867 4131 semper
880 4051 1105 4164 prpsequimur,
1122 4052 1265 4118 lubenter
1279 4055 1495 4120 submittimus.

409 4216 472 4264 ⁸'Sit
486 4215 549 4264 aerim
568 4215 646 4265 Luna
664 4216 788 4267 declinatio
808 4225 839 4267 28
858 4233 894 4282 gr·
912 4229 936 4268 et
955 4221 1001 4269 loci
1032 4222 1118 4271 l'esturn
1132 4233 1168 4272 est
1187 4225 1282 4273 Lunam
1297 4228 1369 4276 semel
1387 4228 1480 4277 tantum
1499 4235 1531 4278 at
1548 4231 1656 4279 hautun

375 4277 438 4328 ultra
453 4287 484 4330 62
502 4295 538 4346 qr.
556 4280 636 4331 rmus
650 4283 747 4332 eudem
764 4283 867 4348 plagam,
884 4293 909 4334 et
926 4286 1001 4334 mani·
1032 4287 1107 4348 spatio
1118 4287 1164 4336 loci
1175 4289 1246 4353 bajus
1255 4291 1397 4342 bethaum
1408 4293 1528 4358 anagn
