<?xml version="1.0" encoding="UTF-8"?>
<!DOCTYPE html PUBLIC "-//W3C//DTD XHTML 1.0 Transitional//EN"
    "http://www.w3.org/TR/xhtml1/DTD/xhtml1-transitional.dtd">
<html xmlns="http://www.w3.org/1999/xhtml" xml:lang="en" lang="en">
 <head>
  <title>
</title>
<meta http-equiv="Content-Type" content="text/html;charset=utf-8" />
  <meta name='ocr-system' content='tesseract 3.04.00' />
  <meta name='ocr-capabilities' content='ocr_page ocr_carea ocr_par ocr_line ocrx_word'/>
</head>
<body>
  <div class='ocr_page' id='page_1' title='image "./philosophinatur03wriggoog_0368.png"; bbox 0 0 3516 5870; ppageno 0'>
   <div class='ocr_carea' id='block_1_1' title="bbox 416 515 1419 588">
    <p class='ocr_par' dir='ltr' id='par_1_1' title="bbox 416 515 1419 588">
     <span class='ocr_line' id='line_1_1' title="bbox 416 515 1419 588; baseline 0.004 -6"><span class='ocrx_word' id='word_1_1' title='bbox 416 517 606 584; x_wconf 86' lang='lat' dir='ltr'>FLUXUS</span> <span class='ocrx_word' id='word_1_2' title='bbox 628 517 690 582; x_wconf 81' lang='lat' dir='ltr'>Ac</span> <span class='ocrx_word' id='word_1_3' title='bbox 714 515 967 586; x_wconf 89' lang='lat' dir='ltr'><strong>REFLUXUS</strong></span> <span class='ocrx_word' id='word_1_4' title='bbox 990 519 1152 586; x_wconf 83' lang='lat' dir='ltr'>MARlS.</span> <span class='ocrx_word' id='word_1_5' title='bbox 1363 529 1419 588; x_wconf 79' lang='grc'>321</span> 
     </span>
    </p>
   </div>
   <div class='ocr_carea' id='block_1_2' title="bbox 135 684 1457 4788">
    <p class='ocr_par' dir='ltr' id='par_1_2' title="bbox 142 684 1427 988">
     <span class='ocr_line' id='line_1_2' title="bbox 146 684 1427 773; baseline 0.002 -20"><span class='ocrx_word' id='word_1_6' title='bbox 146 689 247 753; x_wconf 86' lang='lat' dir='ltr'>Lunae</span> <span class='ocrx_word' id='word_1_7' title='bbox 268 709 324 772; x_wconf 85' lang='lat' dir='ltr'>per</span> <span class='ocrx_word' id='word_1_8' title='bbox 345 685 552 752; x_wconf 88' lang='lat' dir='ltr'>meridianum</span> <span class='ocrx_word' id='word_1_9' title='bbox 567 685 747 772; x_wconf 84' lang='lat' dir='ltr'>contingere</span> <span class='ocrx_word' id='word_1_10' title='bbox 761 684 897 763; x_wconf 86' lang='lat' dir='ltr'>debebit,</span> <span class='ocrx_word' id='word_1_11' title='bbox 920 687 953 752; x_wconf 91' lang='lat' dir='ltr'>id</span> <span class='ocrx_word' id='word_1_12' title='bbox 972 687 1144 773; x_wconf 92' lang='lat' dir='ltr'>quodcum</span> <span class='ocrx_word' id='word_1_13' title='bbox 1159 690 1427 756; x_wconf 82' lang='lat' dir='ltr'>observationibus</span> 
     </span>
     <span class='ocr_line' id='line_1_3' title="bbox 144 791 1424 883; baseline 0.002 -21"><span class='ocrx_word' id='word_1_14' title='bbox 144 797 179 862; x_wconf 88' lang='lat' dir='ltr'>in</span> <span class='ocrx_word' id='word_1_15' title='bbox 199 816 317 860; x_wconf 88' lang='lat' dir='ltr'>oceano</span> <span class='ocrx_word' id='word_1_16' title='bbox 337 794 437 861; x_wconf 86' lang='lat' dir='ltr'>libero</span> <span class='ocrx_word' id='word_1_17' title='bbox 458 792 606 858; x_wconf 87' lang='lat' dir='ltr'>institutis</span> <span class='ocrx_word' id='word_1_18' title='bbox 619 791 745 879; x_wconf 72' lang='lat' dir='ltr'>egregie</span> <span class='ocrx_word' id='word_1_19' title='bbox 759 795 919 870; x_wconf 86' lang='lat' dir='ltr'>convenit;</span> <span class='ocrx_word' id='word_1_20' title='bbox 942 793 1084 883; x_wconf 78' lang='lat' dir='ltr'><strong>hancque</strong></span> <span class='ocrx_word' id='word_1_21' title='bbox 1098 796 1215 864; x_wconf 84' lang='lat' dir='ltr'>idcirco</span> <span class='ocrx_word' id='word_1_22' title='bbox 1235 799 1424 883; x_wconf 75' lang='lat' dir='ltr'>praecipuam</span> 
     </span>
     <span class='ocr_line' id='line_1_4' title="bbox 142 896 1257 988; baseline -0.005 -16"><span class='ocrx_word' id='word_1_23' title='bbox 142 901 234 988; x_wconf 82' lang='lat' dir='ltr'>hujus</span> <span class='ocrx_word' id='word_1_24' title='bbox 250 899 463 968; x_wconf 77' lang='lat' dir='ltr'><strong>retardationis</strong></span> <span class='ocrx_word' id='word_1_25' title='bbox 477 919 602 964; x_wconf 87' lang='lat' dir='ltr'>causam</span> <span class='ocrx_word' id='word_1_26' title='bbox 616 896 728 964; x_wconf 74' lang='lat' dir='ltr'>merito</span> <span class='ocrx_word' id='word_1_27' title='bbox 741 898 943 986; x_wconf 79' lang='lat' dir='ltr'>assignamus·</span> <span class='ocrx_word' id='word_1_28' title='bbox 1040 965 1043 970; x_wconf 16' lang='grc' dir='ltr'><strong>Δ</strong></span> <span class='ocrx_word' id='word_1_29' title='bbox 1252 962 1257 973; x_wconf 87' lang='grc'><em>,</em></span> 
     </span>
    </p>

    <p class='ocr_par' dir='ltr' id='par_1_3' title="bbox 135 1003 1457 3490">
     <span class='ocr_line' id='line_1_5' title="bbox 185 1003 1426 1098; baseline 0.003 -26"><span class='ocrx_word' id='word_1_30' title='bbox 185 1016 210 1093; x_wconf 68' lang='lat' dir='ltr'>t.</span> <span class='ocrx_word' id='word_1_31' title='bbox 229 1016 300 1074; x_wconf 76' lang='lat'>102.</span> <span class='ocrx_word' id='word_1_32' title='bbox 323 1007 466 1072; x_wconf 87' lang='lat' dir='ltr'>Tertium</span> <span class='ocrx_word' id='word_1_33' title='bbox 479 1004 712 1091; x_wconf 83' lang='lat' dir='ltr'>phaenomenon</span> <span class='ocrx_word' id='word_1_34' title='bbox 726 1005 904 1090; x_wconf 88' lang='lat' dir='ltr'>suppeditat</span> <span class='ocrx_word' id='word_1_35' title='bbox 917 1003 1012 1072; x_wconf 72' lang='lat' dir='ltr'>astte</span> <span class='ocrx_word' id='word_1_36' title='bbox 1024 1009 1219 1094; x_wconf 85' lang='lat' dir='ltr'>magnitudo,</span> <span class='ocrx_word' id='word_1_37' title='bbox 1235 1033 1307 1098; x_wconf 83' lang='lat' dir='ltr'>qum</span> <span class='ocrx_word' id='word_1_38' title='bbox 1321 1025 1426 1076; x_wconf 88' lang='lat' dir='ltr'>eutem</span> 
     </span>
     <span class='ocr_line' id='line_1_6' title="bbox 143 1115 1425 1201; baseline 0.003 -17"><span class='ocrx_word' id='word_1_39' title='bbox 143 1131 207 1184; x_wconf 87' lang='lat' dir='ltr'>tam</span> <span class='ocrx_word' id='word_1_40' title='bbox 229 1117 363 1184; x_wconf 80' lang='lat' dir='ltr'>‘diversis</span> <span class='ocrx_word' id='word_1_41' title='bbox 388 1115 465 1182; x_wconf 87' lang='lat' dir='ltr'>locis</span> <span class='ocrx_word' id='word_1_42' title='bbox 493 1123 586 1201; x_wconf 75' lang='lat' dir='ltr'>quam</span> <span class='ocrx_word' id='word_1_43' title='bbox 616 1115 745 1180; x_wconf 84' lang='lat' dir='ltr'>diversis</span> <span class='ocrx_word' id='word_1_44' title='bbox 768 1117 1002 1200; x_wconf 84' lang='lat' dir='ltr'>tempestatibus</span> <span class='ocrx_word' id='word_1_45' title='bbox 1026 1119 1163 1186; x_wconf 71' lang='lat' dir='ltr'>maxime</span> <span class='ocrx_word' id='word_1_46' title='bbox 1188 1134 1236 1185; x_wconf 89' lang='lat' dir='ltr'>est</span> <span class='ocrx_word' id='word_1_47' title='bbox 1259 1123 1425 1188; x_wconf 86' lang='lat' dir='ltr'>mutabilis.</span> 
     </span>
     <span class='ocr_line' id='line_1_7' title="bbox 143 1223 1427 1314; baseline 0.005 -22"><span class='ocrx_word' id='word_1_48' title='bbox 143 1227 273 1292; x_wconf 89' lang='lat' dir='ltr'>lntcrim</span> <span class='ocrx_word' id='word_1_49' title='bbox 287 1237 391 1292; x_wconf 88' lang='lat' dir='ltr'>tamen</span> <span class='ocrx_word' id='word_1_50' title='bbox 405 1225 544 1308; x_wconf 88' lang='lat' dir='ltr'>exceptis</span> <span class='ocrx_word' id='word_1_51' title='bbox 559 1223 737 1290; x_wconf 76' lang='lat' dir='ltr'>enormibus</span> <span class='ocrx_word' id='word_1_52' title='bbox 751 1223 812 1288; x_wconf 90' lang='lat' dir='ltr'>illis</span> <span class='ocrx_word' id='word_1_53' title='bbox 827 1223 974 1302; x_wconf 79' lang='lat' dir='ltr'>aestubus,</span> <span class='ocrx_word' id='word_1_54' title='bbox 986 1227 1041 1312; x_wconf 91' lang='lat' dir='ltr'>qui</span> <span class='ocrx_word' id='word_1_55' title='bbox 1054 1225 1212 1294; x_wconf 72' lang='lat' dir='ltr'>nonnullis</span> <span class='ocrx_word' id='word_1_56' title='bbox 1226 1227 1259 1297; x_wconf 90' lang='lat' dir='ltr'>in</span> <span class='ocrx_word' id='word_1_57' title='bbox 1274 1229 1427 1314; x_wconf 85' lang='lat' dir='ltr'>portubus</span> 
     </span>
     <span class='ocr_line' id='line_1_8' title="bbox 142 1329 1426 1420; baseline 0 -18"><span class='ocrx_word' id='word_1_58' title='bbox 142 1333 300 1404; x_wconf 86' lang='lat' dir='ltr'>observari</span> <span class='ocrx_word' id='word_1_59' title='bbox 321 1332 432 1409; x_wconf 85' lang='lat' dir='ltr'>solent,</span> <span class='ocrx_word' id='word_1_60' title='bbox 456 1329 567 1417; x_wconf 85' lang='lat' dir='ltr'><strong>reliqui</strong></span> <span class='ocrx_word' id='word_1_61' title='bbox 582 1351 655 1395; x_wconf 89' lang='lat' dir='ltr'>oum</span> <span class='ocrx_word' id='word_1_62' title='bbox 668 1337 775 1396; x_wconf 72' lang='lat' dir='ltr'>nostri</span> <span class='ocrx_word' id='word_1_63' title='bbox 798 1329 918 1396; x_wconf 80' lang='lat' dir='ltr'>theorisi</span> <span class='ocrx_word' id='word_1_64' title='bbox 939 1331 1293 1420; x_wconf 66' lang='lat' dir='ltr'>egregiaconseutiunn</span> <span class='ocrx_word' id='word_1_65' title='bbox 1315 1337 1426 1402; x_wconf 78' lang='lat' dir='ltr'>inertis</span> 
     </span>
     <span class='ocr_line' id='line_1_9' title="bbox 140 1421 1428 1533; baseline 0.001 -21"><span class='ocrx_word' id='word_1_66' title='bbox 140 1447 224 1512; x_wconf 87' lang='lat' dir='ltr'>enim</span> <span class='ocrx_word' id='word_1_67' title='bbox 238 1443 370 1520; x_wconf 74' lang='lat' dir='ltr'>sublati,</span> <span class='ocrx_word' id='word_1_68' title='bbox 385 1443 560 1508; x_wconf 78' lang='lat' dir='ltr'>invenimus</span> <span class='ocrx_word' id='word_1_69' title='bbox 574 1443 633 1508; x_wconf 88' lang='lat' dir='ltr'>sub</span> <span class='ocrx_word' id='word_1_70' title='bbox 648 1421 806 1529; x_wconf 76' lang='lat' dir='ltr'>aquatore</span> <span class='ocrx_word' id='word_1_71' title='bbox 819 1443 991 1508; x_wconf 83' lang='lat' dir='ltr'>maximum</span> <span class='ocrx_word' id='word_1_72' title='bbox 1005 1457 1117 1510; x_wconf 62' lang='lat' dir='ltr'>mum</span> <span class='ocrx_word' id='word_1_73' title='bbox 1131 1444 1200 1512; x_wconf 83' lang='lat' dir='ltr'>iore</span> <span class='ocrx_word' id='word_1_74' title='bbox 1220 1467 1278 1531; x_wconf 87' lang='lat' dir='ltr'>per</span> <span class='ocrx_word' id='word_1_75' title='bbox 1292 1448 1428 1533; x_wconf 89' lang='lat' dir='ltr'>spatium</span> 
     </span>
     <span class='ocr_line' id='line_1_10' title="bbox 140 1552 1425 1644; baseline -0.002 -20"><span class='ocrx_word' id='word_1_76' title='bbox 140 1559 263 1624; x_wconf 87' lang='lat' dir='ltr'>circiter</span> <span class='ocrx_word' id='word_1_77' title='bbox 284 1565 304 1620; x_wconf 81' lang='lat'><em>4</em></span> <span class='ocrx_word' id='word_1_78' title='bbox 326 1554 454 1640; x_wconf 87' lang='lat' dir='ltr'>pedum,</span> <span class='ocrx_word' id='word_1_79' title='bbox 478 1553 518 1618; x_wconf 90' lang='lat' dir='ltr'>ab</span> <span class='ocrx_word' id='word_1_80' title='bbox 539 1552 651 1618; x_wconf 88' lang='lat' dir='ltr'>inertia</span> <span class='ocrx_word' id='word_1_81' title='bbox 664 1565 769 1619; x_wconf 86' lang='lat' dir='ltr'>autem</span> <span class='ocrx_word' id='word_1_82' title='bbox 789 1553 850 1618; x_wconf 92' lang='lat' dir='ltr'>hoc</span> <span class='ocrx_word' id='word_1_83' title='bbox 871 1555 1068 1620; x_wconf 85' lang='lat' dir='ltr'>intervallum</span> <span class='ocrx_word' id='word_1_84' title='bbox 1081 1558 1191 1644; x_wconf 88' lang='lat' dir='ltr'>augeri</span> <span class='ocrx_word' id='word_1_85' title='bbox 1212 1557 1305 1622; x_wconf 87' lang='lat' dir='ltr'>itaut</span> <span class='ocrx_word' id='word_1_86' title='bbox 1317 1557 1425 1643; x_wconf 85' lang='lat' dir='ltr'>duplo,</span> 
     </span>
     <span class='ocr_line' id='line_1_11' title="bbox 140 1663 1426 1754; baseline -0.001 -23"><span class='ocrx_word' id='word_1_87' title='bbox 140 1668 190 1732; x_wconf 90' lang='lat' dir='ltr'>vel</span> <span class='ocrx_word' id='word_1_88' title='bbox 204 1666 308 1752; x_wconf 89' lang='lat' dir='ltr'>triplo,</span> <span class='ocrx_word' id='word_1_89' title='bbox 322 1665 371 1730; x_wconf 85' lang='lat' dir='ltr'>vel</span> <span class='ocrx_word' id='word_1_90' title='bbox 385 1665 478 1729; x_wconf 90' lang='lat' dir='ltr'>etiam</span> <span class='ocrx_word' id='word_1_91' title='bbox 488 1663 663 1752; x_wconf 87' lang='lat' dir='ltr'>quadruplo</span> <span class='ocrx_word' id='word_1_92' title='bbox 677 1663 793 1749; x_wconf 87' lang='lat' dir='ltr'>etplus</span> <span class='ocrx_word' id='word_1_93' title='bbox 804 1663 859 1727; x_wconf 85' lang='lat' dir='ltr'>liet</span> <span class='ocrx_word' id='word_1_94' title='bbox 872 1664 982 1750; x_wconf 51' lang='lat' dir='ltr'>mama,</span> <span class='ocrx_word' id='word_1_95' title='bbox 997 1677 1093 1749; x_wconf 89' lang='lat' dir='ltr'>prout</span> <span class='ocrx_word' id='word_1_96' title='bbox 1104 1665 1192 1730; x_wconf 87' lang='lat' dir='ltr'>valor</span> <span class='ocrx_word' id='word_1_97' title='bbox 1205 1666 1303 1751; x_wconf 85' lang='lat' dir='ltr'>ipsius</span> <span class='ocrx_word' id='word_1_98' title='bbox 1316 1689 1339 1754; x_wconf 90' lang='lat' dir='ltr'>g</span> <span class='ocrx_word' id='word_1_99' title='bbox 1350 1667 1426 1752; x_wconf 92' lang='lat' dir='ltr'>(vid.</span> 
     </span>
     <span class='ocr_line' id='line_1_12' title="bbox 142 1772 1427 1862; baseline -0.001 -21"><span class='ocrx_word' id='word_1_100' title='bbox 142 1781 166 1860; x_wconf 86' lang='lat'>§.</span> <span class='ocrx_word' id='word_1_101' title='bbox 183 1777 249 1857; x_wconf 77' lang='lat'><strong>82.)</strong></span> <span class='ocrx_word' id='word_1_102' title='bbox 264 1776 367 1841; x_wconf 89' lang='lat' dir='ltr'>minor</span> <span class='ocrx_word' id='word_1_103' title='bbox 384 1775 478 1840; x_wconf 82' lang='lat' dir='ltr'>fuerit</span> <span class='ocrx_word' id='word_1_104' title='bbox 497 1773 547 1840; x_wconf 85' lang='lat' dir='ltr'>vel</span> <span class='ocrx_word' id='word_1_105' title='bbox 567 1776 676 1859; x_wconf 88' lang='lat' dir='ltr'>major,</span> <span class='ocrx_word' id='word_1_106' title='bbox 692 1775 808 1859; x_wconf 89' lang='lat' dir='ltr'>quippe</span> <span class='ocrx_word' id='word_1_107' title='bbox 821 1774 876 1861; x_wconf 93' lang='lat' dir='ltr'>qui</span> <span class='ocrx_word' id='word_1_108' title='bbox 897 1772 1075 1838; x_wconf 79' lang='lat' dir='ltr'>nfauvltste</span> <span class='ocrx_word' id='word_1_109' title='bbox 1088 1774 1197 1838; x_wconf 90' lang='lat' dir='ltr'>oceani</span> <span class='ocrx_word' id='word_1_110' title='bbox 1218 1797 1286 1839; x_wconf 79' lang='lat' dir='ltr'>sese</span> <span class='ocrx_word' id='word_1_111' title='bbox 1299 1776 1427 1862; x_wconf 77' lang='lat' dir='ltr'>proprisi</span> 
     </span>
     <span class='ocr_line' id='line_1_13' title="bbox 140 1851 1457 1968; baseline -0.002 -18"><span class='ocrx_word' id='word_1_112' title='bbox 140 1885 196 1950; x_wconf 78' lang='lat' dir='ltr'>sui</span> <span class='ocrx_word' id='word_1_113' title='bbox 210 1885 243 1948; x_wconf 92' lang='lat' dir='ltr'>vi</span> <span class='ocrx_word' id='word_1_114' title='bbox 263 1883 296 1948; x_wconf 92' lang='lat' dir='ltr'>in</span> <span class='ocrx_word' id='word_1_115' title='bbox 310 1895 426 1948; x_wconf 88' lang='lat' dir='ltr'>statum</span> <span class='ocrx_word' id='word_1_116' title='bbox 439 1881 604 1968; x_wconf 71' lang='lat' dir='ltr'>aequilibrii</span> <span class='ocrx_word' id='word_1_117' title='bbox 618 1879 803 1946; x_wconf 86' lang='lat' dir='ltr'>restituendi</span> <span class='ocrx_word' id='word_1_118' title='bbox 821 1879 938 1965; x_wconf 78' lang='lat' dir='ltr'>pendet</span> <span class='ocrx_word' id='word_1_119' title='bbox 945 1901 955 1956; x_wconf 91' lang='lat'>;</span> <span class='ocrx_word' id='word_1_120' title='bbox 977 1901 1018 1945; x_wconf 84' lang='lat' dir='ltr'>ex</span> <span class='ocrx_word' id='word_1_121' title='bbox 1032 1901 1096 1966; x_wconf 91' lang='lat' dir='ltr'>qno</span> <span class='ocrx_word' id='word_1_122' title='bbox 1110 1879 1170 1944; x_wconf 92' lang='lat' dir='ltr'>sub</span> <span class='ocrx_word' id='word_1_123' title='bbox 1183 1893 1342 1966; x_wconf 82' lang='lat' dir='ltr'>aequatore</span> <span class='ocrx_word' id='word_1_124' title='bbox 1355 1903 1426 1966; x_wconf 84' lang='lat' dir='ltr'>spa·</span> <span class='ocrx_word' id='word_1_125' title='bbox 1441 1851 1457 1880; x_wconf 61' lang='lat'>⁸</span> 
     </span>
     <span class='ocr_line' id='line_1_14' title="bbox 140 1987 1426 2077; baseline 0.001 -21"><span class='ocrx_word' id='word_1_126' title='bbox 140 1991 218 2056; x_wconf 89' lang='lat' dir='ltr'>tium</span> <span class='ocrx_word' id='word_1_127' title='bbox 239 2013 297 2076; x_wconf 88' lang='lat' dir='ltr'>per</span> <span class='ocrx_word' id='word_1_128' title='bbox 319 1989 405 2077; x_wconf 92' lang='lat' dir='ltr'>quod</span> <span class='ocrx_word' id='word_1_129' title='bbox 425 1989 579 2054; x_wconf 85' lang='lat' dir='ltr'>maximus</span> <span class='ocrx_word' id='word_1_130' title='bbox 601 1999 696 2054; x_wconf 85' lang='lat' dir='ltr'>oesnvs</span> <span class='ocrx_word' id='word_1_131' title='bbox 716 1987 852 2076; x_wconf 89' lang='lat' dir='ltr'>agitatur</span> <span class='ocrx_word' id='word_1_132' title='bbox 865 1987 907 2052; x_wconf 88' lang='lat' dir='ltr'>ad</span> <span class='ocrx_word' id='word_1_133' title='bbox 922 1995 952 2065; x_wconf 83' lang='lat'>8,</span> <span class='ocrx_word' id='word_1_134' title='bbox 972 1995 1022 2064; x_wconf 76' lang='lat'>12,</span> <span class='ocrx_word' id='word_1_135' title='bbox 1042 1995 1080 2052; x_wconf 89' lang='lat'>16</span> <span class='ocrx_word' id='word_1_136' title='bbox 1095 1999 1128 2052; x_wconf 86' lang='lat' dir='ltr'>et</span> <span class='ocrx_word' id='word_1_137' title='bbox 1140 1987 1248 2072; x_wconf 84' lang='lat' dir='ltr'>plures</span> <span class='ocrx_word' id='word_1_138' title='bbox 1261 1987 1357 2072; x_wconf 84' lang='lat' dir='ltr'>pedes</span> <span class='ocrx_word' id='word_1_139' title='bbox 1370 2011 1426 2058; x_wconf 81' lang='lat' dir='ltr'>cu-</span> 
     </span>
     <span class='ocr_line' id='line_1_15' title="bbox 140 2097 1426 2189; baseline -0.001 -24"><span class='ocrx_word' id='word_1_140' title='bbox 140 2123 268 2189; x_wconf 87' lang='lat' dir='ltr'>mrgere</span> <span class='ocrx_word' id='word_1_141' title='bbox 291 2113 403 2186; x_wconf 85' lang='lat' dir='ltr'>potest.</span> <span class='ocrx_word' id='word_1_142' title='bbox 458 2101 498 2165; x_wconf 94' lang='lat' dir='ltr'>In</span> <span class='ocrx_word' id='word_1_143' title='bbox 522 2097 703 2186; x_wconf 85' lang='lat' dir='ltr'>regionibus</span> <span class='ocrx_word' id='word_1_144' title='bbox 725 2109 832 2164; x_wconf 85' lang='lat' dir='ltr'>autem</span> <span class='ocrx_word' id='word_1_145' title='bbox 853 2097 894 2162; x_wconf 85' lang='lat' dir='ltr'>ab</span> <span class='ocrx_word' id='word_1_146' title='bbox 917 2109 1076 2185; x_wconf 83' lang='lat' dir='ltr'>aequatore</span> <span class='ocrx_word' id='word_1_147' title='bbox 1100 2097 1229 2161; x_wconf 89' lang='lat' dir='ltr'>remotis</span> <span class='ocrx_word' id='word_1_148' title='bbox 1252 2097 1426 2164; x_wconf 79' lang='lat' dir='ltr'>invenimus</span> 
     </span>
     <span class='ocr_line' id='line_1_16' title="bbox 138 2203 1425 2294; baseline 0 -24"><span class='ocrx_word' id='word_1_149' title='bbox 138 2205 386 2294; x_wconf 77' lang='lat' dir='ltr'>magnitudinem</span> <span class='ocrx_word' id='word_1_150' title='bbox 408 2205 502 2274; x_wconf 82' lang='lat' dir='ltr'>astus</span> <span class='ocrx_word' id='word_1_151' title='bbox 524 2217 631 2274; x_wconf 89' lang='lat' dir='ltr'>tenere</span> <span class='ocrx_word' id='word_1_152' title='bbox 655 2203 807 2270; x_wconf 87' lang='lat' dir='ltr'>rationem</span> <span class='ocrx_word' id='word_1_153' title='bbox 835 2203 1025 2288; x_wconf 84' lang='lat' dir='ltr'>duplicatam</span> <span class='ocrx_word' id='word_1_154' title='bbox 1055 2203 1218 2268; x_wconf 86' lang='lat' dir='ltr'>cosinumn</span> <span class='ocrx_word' id='word_1_155' title='bbox 1246 2203 1425 2273; x_wconf 82' lang='lat' dir='ltr'>elevationis</span> 
     </span>
     <span class='ocr_line' id='line_1_17' title="bbox 138 2310 1427 2400; baseline 0.002 -22"><span class='ocrx_word' id='word_1_156' title='bbox 138 2313 213 2400; x_wconf 88' lang='lat' dir='ltr'>poli,</span> <span class='ocrx_word' id='word_1_157' title='bbox 237 2313 321 2386; x_wconf 87' lang='lat' dir='ltr'>unde</span> <span class='ocrx_word' id='word_1_158' title='bbox 343 2314 402 2379; x_wconf 90' lang='lat' dir='ltr'>sub</span> <span class='ocrx_word' id='word_1_159' title='bbox 423 2311 680 2398; x_wconf 84' lang='lat' dir='ltr'>elevationepoli</span> <span class='ocrx_word' id='word_1_160' title='bbox 701 2310 777 2391; x_wconf 73' lang='lat'>45⁰,</span> <span class='ocrx_word' id='word_1_161' title='bbox 801 2311 985 2400; x_wconf 78' lang='lat' dir='ltr'>magnitudo</span> <span class='ocrx_word' id='word_1_162' title='bbox 1000 2312 1096 2378; x_wconf 75' lang='lat' dir='ltr'>astus</span> <span class='ocrx_word' id='word_1_163' title='bbox 1110 2311 1232 2380; x_wconf 85' lang='lat' dir='ltr'>circiter</span> <span class='ocrx_word' id='word_1_164' title='bbox 1252 2311 1350 2397; x_wconf 89' lang='lat' dir='ltr'>duplo</span> <span class='ocrx_word' id='word_1_165' title='bbox 1367 2313 1427 2380; x_wconf 88' lang='lat' dir='ltr'>erit</span> 
     </span>
     <span class='ocr_line' id='line_1_18' title="bbox 138 2421 1427 2510; baseline -0.003 -20"><span class='ocrx_word' id='word_1_166' title='bbox 138 2425 243 2490; x_wconf 86' lang='lat' dir='ltr'>minor</span> <span class='ocrx_word' id='word_1_167' title='bbox 257 2425 351 2510; x_wconf 77' lang='lat' dir='ltr'>quam</span> <span class='ocrx_word' id='word_1_168' title='bbox 366 2425 426 2491; x_wconf 88' lang='lat' dir='ltr'>sub</span> <span class='ocrx_word' id='word_1_169' title='bbox 440 2423 509 2510; x_wconf 91' lang='lat' dir='ltr'>ipso</span> <span class='ocrx_word' id='word_1_170' title='bbox 523 2436 699 2510; x_wconf 68' lang='lat' dir='ltr'>aequatam</span> <span class='ocrx_word' id='word_1_171' title='bbox 721 2422 935 2508; x_wconf 13' lang='lat' dir='ltr'>cujusqveritas</span> <span class='ocrx_word' id='word_1_172' title='bbox 956 2421 990 2486; x_wconf 90' lang='lat' dir='ltr'>in</span> <span class='ocrx_word' id='word_1_173' title='bbox 1011 2421 1088 2486; x_wconf 89' lang='lat' dir='ltr'>locis</span> <span class='ocrx_word' id='word_1_174' title='bbox 1102 2442 1123 2485; x_wconf 88' lang='lat' dir='ltr'>a</span> <span class='ocrx_word' id='word_1_175' title='bbox 1136 2421 1291 2486; x_wconf 84' lang='lat' dir='ltr'>littoribus</span> <span class='ocrx_word' id='word_1_176' title='bbox 1309 2421 1427 2508; x_wconf 79' lang='lat' dir='ltr'>aliquot</span> 
     </span>
     <span class='ocr_line' id='line_1_19' title="bbox 137 2531 1426 2620; baseline -0.003 -20"><span class='ocrx_word' id='word_1_177' title='bbox 137 2535 282 2600; x_wconf 87' lang='lat' dir='ltr'>milliaria</span> <span class='ocrx_word' id='word_1_178' title='bbox 296 2536 424 2602; x_wconf 88' lang='lat' dir='ltr'>remotis</span> <span class='ocrx_word' id='word_1_179' title='bbox 445 2557 503 2620; x_wconf 87' lang='lat' dir='ltr'>per</span> <span class='ocrx_word' id='word_1_180' title='bbox 518 2536 742 2619; x_wconf 84' lang='lat' dir='ltr'>experientiam</span> <span class='ocrx_word' id='word_1_181' title='bbox 757 2531 870 2612; x_wconf 76' lang='lat' dir='ltr'>eximie</span> <span class='ocrx_word' id='word_1_182' title='bbox 892 2531 1123 2616; x_wconf 87' lang='lat' dir='ltr'>comprobatur.</span> <span class='ocrx_word' id='word_1_183' title='bbox 1169 2531 1426 2616; x_wconf 86' lang='lat' dir='ltr'>Deprehenditur</span> 
     </span>
     <span class='ocr_line' id='line_1_20' title="bbox 137 2641 1426 2734; baseline -0.005 -22"><span class='ocrx_word' id='word_1_184' title='bbox 137 2646 221 2712; x_wconf 77' lang='lat' dir='ltr'>emm</span> <span class='ocrx_word' id='word_1_185' title='bbox 242 2646 358 2734; x_wconf 89' lang='lat' dir='ltr'>ubique</span> <span class='ocrx_word' id='word_1_186' title='bbox 378 2647 413 2712; x_wconf 91' lang='lat' dir='ltr'>in</span> <span class='ocrx_word' id='word_1_187' title='bbox 433 2645 511 2712; x_wconf 91' lang='lat' dir='ltr'>locis</span> <span class='ocrx_word' id='word_1_188' title='bbox 531 2668 552 2709; x_wconf 88' lang='lat' dir='ltr'>a</span> <span class='ocrx_word' id='word_1_189' title='bbox 572 2645 728 2710; x_wconf 86' lang='lat' dir='ltr'>littoribus</span> <span class='ocrx_word' id='word_1_190' title='bbox 749 2643 876 2711; x_wconf 87' lang='lat' dir='ltr'>remotis</span> <span class='ocrx_word' id='word_1_191' title='bbox 897 2655 992 2716; x_wconf 83' lang='lat' dir='ltr'>aestus</span> <span class='ocrx_word' id='word_1_192' title='bbox 1013 2641 1113 2708; x_wconf 86' lang='lat' dir='ltr'>multb</span> <span class='ocrx_word' id='word_1_193' title='bbox 1139 2643 1242 2706; x_wconf 90' lang='lat' dir='ltr'>minor</span> <span class='ocrx_word' id='word_1_194' title='bbox 1266 2642 1360 2726; x_wconf 85' lang='lat' dir='ltr'>qudm</span> <span class='ocrx_word' id='word_1_195' title='bbox 1385 2641 1426 2706; x_wconf 89' lang='lat' dir='ltr'>ad</span> 
     </span>
     <span class='ocr_line' id='line_1_21' title="bbox 135 2750 1425 2840; baseline -0.002 -24"><span class='ocrx_word' id='word_1_196' title='bbox 135 2751 260 2831; x_wconf 87' lang='lat' dir='ltr'>littora3</span> <span class='ocrx_word' id='word_1_197' title='bbox 289 2755 378 2840; x_wconf 89' lang='lat' dir='ltr'>cujus</span> <span class='ocrx_word' id='word_1_198' title='bbox 399 2754 586 2818; x_wconf 87' lang='lat' dir='ltr'>discriminis</span> <span class='ocrx_word' id='word_1_199' title='bbox 608 2777 702 2819; x_wconf 88' lang='lat' dir='ltr'>causa</span> <span class='ocrx_word' id='word_1_200' title='bbox 722 2755 756 2819; x_wconf 90' lang='lat' dir='ltr'>in</span> <span class='ocrx_word' id='word_1_201' title='bbox 777 2752 918 2840; x_wconf 86' lang='lat' dir='ltr'>sequenti</span> <span class='ocrx_word' id='word_1_202' title='bbox 941 2751 1053 2838; x_wconf 88' lang='lat' dir='ltr'>Capite</span> <span class='ocrx_word' id='word_1_203' title='bbox 1073 2750 1208 2818; x_wconf 75' lang='lat' dir='ltr'>dilucide</span> <span class='ocrx_word' id='word_1_204' title='bbox 1229 2751 1425 2820; x_wconf 88' lang='lat' dir='ltr'>indicabitur.</span> 
     </span>
     <span class='ocr_line' id='line_1_22' title="bbox 137 2858 1426 2950; baseline 0 -24"><span class='ocrx_word' id='word_1_205' title='bbox 137 2861 318 2936; x_wconf 85' lang='lat' dir='ltr'>Quinetiam</span> <span class='ocrx_word' id='word_1_206' title='bbox 332 2865 366 2929; x_wconf 91' lang='lat' dir='ltr'>in</span> <span class='ocrx_word' id='word_1_207' title='bbox 380 2863 484 2930; x_wconf 87' lang='lat' dir='ltr'>medio</span> <span class='ocrx_word' id='word_1_208' title='bbox 498 2864 577 2928; x_wconf 87' lang='lat' dir='ltr'>mari</span> <span class='ocrx_word' id='word_1_209' title='bbox 591 2864 775 2950; x_wconf 78' lang='lat' dir='ltr'>plerumque</span> <span class='ocrx_word' id='word_1_210' title='bbox 789 2873 884 2927; x_wconf 82' lang='lat' dir='ltr'>ssstus</span> <span class='ocrx_word' id='word_1_211' title='bbox 898 2860 1002 2942; x_wconf 82' lang='lat' dir='ltr'>adhuc</span> <span class='ocrx_word' id='word_1_212' title='bbox 1014 2861 1319 2938; x_wconf 81' lang='lat' dir='ltr'>miuorobservatur,</span> <span class='ocrx_word' id='word_1_213' title='bbox 1332 2858 1426 2946; x_wconf 76' lang='lat' dir='ltr'>quim</span> 
     </span>
     <span class='ocr_line' id='line_1_23' title="bbox 135 2968 1425 3056; baseline 0 -24"><span class='ocrx_word' id='word_1_214' title='bbox 135 2969 207 3032; x_wconf 81' lang='lat' dir='ltr'>haec</span> <span class='ocrx_word' id='word_1_215' title='bbox 228 2969 336 3056; x_wconf 81' lang='lat' dir='ltr'>regula</span> <span class='ocrx_word' id='word_1_216' title='bbox 356 2971 504 3056; x_wconf 82' lang='lat' dir='ltr'>requirit3</span> <span class='ocrx_word' id='word_1_217' title='bbox 526 2971 560 3032; x_wconf 90' lang='lat' dir='ltr'>id</span> <span class='ocrx_word' id='word_1_218' title='bbox 580 2985 685 3050; x_wconf 79' lang='lat' dir='ltr'>autern</span> <span class='ocrx_word' id='word_1_219' title='bbox 706 2969 888 3034; x_wconf 82' lang='lat' dir='ltr'>ostendetur</span> <span class='ocrx_word' id='word_1_220' title='bbox 910 2991 929 3032; x_wconf 90' lang='lat' dir='ltr'>a</span> <span class='ocrx_word' id='word_1_221' title='bbox 950 2991 1017 3034; x_wconf 91' lang='lat' dir='ltr'>non</span> <span class='ocrx_word' id='word_1_222' title='bbox 1039 2969 1113 3032; x_wconf 86' lang='lat' dir='ltr'>satis</span> <span class='ocrx_word' id='word_1_223' title='bbox 1128 2968 1231 3050; x_wconf 73' lang='lat' dir='ltr'>ampli</span> <span class='ocrx_word' id='word_1_224' title='bbox 1246 2969 1356 3032; x_wconf 88' lang='lat' dir='ltr'>oceani</span> <span class='ocrx_word' id='word_1_225' title='bbox 1369 2991 1425 3032; x_wconf 85' lang='lat' dir='ltr'>ex-</span> 
     </span>
     <span class='ocr_line' id='line_1_24' title="bbox 136 3075 1426 3164; baseline 0.002 -22"><span class='ocrx_word' id='word_1_226' title='bbox 136 3079 277 3142; x_wconf 85' lang='lat' dir='ltr'>tensione</span> <span class='ocrx_word' id='word_1_227' title='bbox 300 3076 471 3144; x_wconf 87' lang='lat' dir='ltr'>secundvim</span> <span class='ocrx_word' id='word_1_228' title='bbox 495 3077 723 3164; x_wconf 82' lang='lat' dir='ltr'>longitudinem</span> <span class='ocrx_word' id='word_1_229' title='bbox 745 3077 912 3162; x_wconf 85' lang='lat' dir='ltr'>proficisci,</span> <span class='ocrx_word' id='word_1_230' title='bbox 944 3075 1209 3162; x_wconf 84' lang='lat' dir='ltr'>quemadmodum</span> <span class='ocrx_word' id='word_1_231' title='bbox 1236 3077 1270 3140; x_wconf 90' lang='lat' dir='ltr'>in</span> <span class='ocrx_word' id='word_1_232' title='bbox 1296 3078 1426 3144; x_wconf 84' lang='lat' dir='ltr'>Oceano</span> 
     </span>
     <span class='ocr_line' id='line_1_25' title="bbox 137 3185 1424 3273; baseline 0 -21"><span class='ocrx_word' id='word_1_233' title='bbox 137 3187 298 3252; x_wconf 84' lang='lat' dir='ltr'>Atlantico</span> <span class='ocrx_word' id='word_1_234' title='bbox 320 3189 375 3273; x_wconf 90' lang='lat' dir='ltr'>qui</span> <span class='ocrx_word' id='word_1_235' title='bbox 397 3185 505 3252; x_wconf 78' lang='lat' dir='ltr'>versis</span> <span class='ocrx_word' id='word_1_236' title='bbox 528 3185 722 3252; x_wconf 84' lang='lat' dir='ltr'>occidentem</span> <span class='ocrx_word' id='word_1_237' title='bbox 746 3185 902 3250; x_wconf 79' lang='lat' dir='ltr'>littoribus</span> <span class='ocrx_word' id='word_1_238' title='bbox 927 3186 1102 3263; x_wconf 58' lang='lat' dir='ltr'>American</span> <span class='ocrx_word' id='word_1_239' title='bbox 1139 3185 1247 3251; x_wconf 86' lang='lat' dir='ltr'>versds</span> <span class='ocrx_word' id='word_1_240' title='bbox 1272 3187 1424 3252; x_wconf 85' lang='lat' dir='ltr'>orientem</span> 
     </span>
     <span class='ocr_line' id='line_1_26' title="bbox 135 3291 1426 3378; baseline 0 -20"><span class='ocrx_word' id='word_1_241' title='bbox 135 3292 212 3358; x_wconf 77' lang='lat' dir='ltr'>verb</span> <span class='ocrx_word' id='word_1_242' title='bbox 235 3293 390 3358; x_wconf 83' lang='lat' dir='ltr'>littoribus</span> <span class='ocrx_word' id='word_1_243' title='bbox 415 3293 533 3358; x_wconf 79' lang='lat' dir='ltr'>Africae</span> <span class='ocrx_word' id='word_1_244' title='bbox 557 3306 591 3358; x_wconf 89' lang='lat' dir='ltr'>et</span> <span class='ocrx_word' id='word_1_245' title='bbox 616 3291 754 3378; x_wconf 78' lang='lat' dir='ltr'>Europae</span> <span class='ocrx_word' id='word_1_246' title='bbox 777 3292 969 3370; x_wconf 85' lang='lat' dir='ltr'>terminatur,</span> <span class='ocrx_word' id='word_1_247' title='bbox 997 3311 1068 3378; x_wconf 77' lang='lat' dir='ltr'>quae</span> <span class='ocrx_word' id='word_1_248' title='bbox 1093 3292 1266 3377; x_wconf 88' lang='lat' dir='ltr'>ssnplitudo</span> <span class='ocrx_word' id='word_1_249' title='bbox 1291 3313 1356 3358; x_wconf 89' lang='lat' dir='ltr'>non</span> <span class='ocrx_word' id='word_1_250' title='bbox 1378 3306 1426 3360; x_wconf 90' lang='lat' dir='ltr'>est</span> 
     </span>
     <span class='ocr_line' id='line_1_27' title="bbox 137 3397 1225 3490; baseline -0.002 -24"><span class='ocrx_word' id='word_1_251' title='bbox 137 3401 211 3466; x_wconf 89' lang='lat' dir='ltr'>satis</span> <span class='ocrx_word' id='word_1_252' title='bbox 231 3421 356 3490; x_wconf 88' lang='lat' dir='ltr'>magna,</span> <span class='ocrx_word' id='word_1_253' title='bbox 377 3413 414 3466; x_wconf 92' lang='lat' dir='ltr'>ut</span> <span class='ocrx_word' id='word_1_254' title='bbox 432 3401 586 3489; x_wconf 85' lang='lat' dir='ltr'>integram</span> <span class='ocrx_word' id='word_1_255' title='bbox 607 3397 701 3464; x_wconf 82' lang='lat' dir='ltr'>aestivs</span> <span class='ocrx_word' id='word_1_256' title='bbox 720 3399 925 3486; x_wconf 78' lang='lat' dir='ltr'>quantitatem</span> <span class='ocrx_word' id='word_1_257' title='bbox 945 3399 1103 3484; x_wconf 82' lang='lat' dir='ltr'>suscipere</span> <span class='ocrx_word' id='word_1_258' title='bbox 1122 3409 1225 3485; x_wconf 87' lang='lat' dir='ltr'>queat.</span> 
     </span>
    </p>

    <p class='ocr_par' dir='ltr' id='par_1_4' title="bbox 135 3511 1426 4788">
     <span class='ocr_line' id='line_1_28' title="bbox 182 3511 1425 3599; baseline 0.001 -24"><span class='ocrx_word' id='word_1_259' title='bbox 182 3517 206 3594; x_wconf 57' lang='grc' dir='ltr'>ᾗ.</span> <span class='ocrx_word' id='word_1_260' title='bbox 231 3521 302 3578; x_wconf 84' lang='grc'><strong>103.</strong></span> <span class='ocrx_word' id='word_1_261' title='bbox 334 3511 492 3588; x_wconf 85' lang='lat' dir='ltr'>Quartum</span> <span class='ocrx_word' id='word_1_262' title='bbox 516 3511 748 3597; x_wconf 83' lang='lat' dir='ltr'>phoenomenon</span> <span class='ocrx_word' id='word_1_263' title='bbox 773 3511 936 3576; x_wconf 85' lang='lat' dir='ltr'>varietates</span> <span class='ocrx_word' id='word_1_264' title='bbox 962 3523 1136 3578; x_wconf 87' lang='lat' dir='ltr'>menstruas</span> <span class='ocrx_word' id='word_1_265' title='bbox 1163 3511 1301 3596; x_wconf 82' lang='lat' dir='ltr'>respicit,</span> <span class='ocrx_word' id='word_1_266' title='bbox 1332 3523 1425 3599; x_wconf 88' lang='lat' dir='ltr'>atque</span> 
     </span>
     <span class='ocr_line' id='line_1_29' title="bbox 135 3615 1426 3706; baseline 0 -22"><span class='ocrx_word' id='word_1_267' title='bbox 135 3618 274 3684; x_wconf 85' lang='lat' dir='ltr'>ostendit</span> <span class='ocrx_word' id='word_1_268' title='bbox 287 3630 392 3694; x_wconf 84' lang='lat' dir='ltr'>aestus,</span> <span class='ocrx_word' id='word_1_269' title='bbox 408 3617 463 3704; x_wconf 93' lang='lat' dir='ltr'>qui</span> <span class='ocrx_word' id='word_1_270' title='bbox 478 3617 563 3682; x_wconf 90' lang='lat' dir='ltr'>circa</span> <span class='ocrx_word' id='word_1_271' title='bbox 575 3615 751 3702; x_wconf 80' lang='lat' dir='ltr'>plenilunio</span> <span class='ocrx_word' id='word_1_272' title='bbox 761 3631 793 3682; x_wconf 87' lang='lat' dir='ltr'>et</span> <span class='ocrx_word' id='word_1_273' title='bbox 806 3617 966 3683; x_wconf 90' lang='lat' dir='ltr'>novilunia</span> <span class='ocrx_word' id='word_1_274' title='bbox 979 3620 1175 3706; x_wconf 75' lang='lat' dir='ltr'>maungunt,</span> <span class='ocrx_word' id='word_1_275' title='bbox 1196 3619 1276 3684; x_wconf 90' lang='lat' dir='ltr'>inter</span> <span class='ocrx_word' id='word_1_276' title='bbox 1290 3619 1426 3704; x_wconf 82' lang='lat' dir='ltr'>reliquos</span> 
     </span>
     <span class='ocr_line' id='line_1_30' title="bbox 137 3724 1425 3820; baseline 0.002 -30"><span class='ocrx_word' id='word_1_277' title='bbox 137 3725 275 3810; x_wconf 87' lang='lat' dir='ltr'>ejusdem</span> <span class='ocrx_word' id='word_1_278' title='bbox 297 3725 412 3808; x_wconf 82' lang='lat' dir='ltr'>mensis</span> <span class='ocrx_word' id='word_1_279' title='bbox 435 3744 502 3820; x_wconf 83' lang='lat' dir='ltr'>csse</span> <span class='ocrx_word' id='word_1_280' title='bbox 521 3725 684 3810; x_wconf 81' lang='lat' dir='ltr'>maximos,</span> <span class='ocrx_word' id='word_1_281' title='bbox 706 3737 800 3792; x_wconf 85' lang='lat' dir='ltr'>aestns</span> <span class='ocrx_word' id='word_1_282' title='bbox 815 3724 890 3790; x_wconf 79' lang='lat' dir='ltr'>verb</span> <span class='ocrx_word' id='word_1_283' title='bbox 904 3727 987 3792; x_wconf 88' lang='lat' dir='ltr'>circs</span> <span class='ocrx_word' id='word_1_284' title='bbox 1001 3727 1205 3814; x_wconf 84' lang='lat' dir='ltr'>quadraturas</span> <span class='ocrx_word' id='word_1_285' title='bbox 1226 3727 1425 3794; x_wconf 87' lang='lat' dir='ltr'>luminarium</span> 
     </span>
     <span class='ocr_line' id='line_1_31' title="bbox 139 3832 1423 3924; baseline 0.006 -28"><span class='ocrx_word' id='word_1_286' title='bbox 139 3833 302 3910; x_wconf 88' lang='lat' dir='ltr'>minimos;</span> <span class='ocrx_word' id='word_1_287' title='bbox 331 3853 403 3920; x_wconf 82' lang='lat' dir='ltr'>qnoe</span> <span class='ocrx_word' id='word_1_288' title='bbox 431 3833 626 3920; x_wconf 66' lang='lat' dir='ltr'>inaequalitas</span> <span class='ocrx_word' id='word_1_289' title='bbox 651 3855 723 3900; x_wconf 88' lang='lat' dir='ltr'>cum</span> <span class='ocrx_word' id='word_1_290' title='bbox 758 3832 879 3900; x_wconf 70' lang='lat' dir='ltr'>theoriis</span> <span class='ocrx_word' id='word_1_291' title='bbox 908 3835 1015 3900; x_wconf 78' lang='lat' dir='ltr'>nostri</span> <span class='ocrx_word' id='word_1_292' title='bbox 1040 3836 1081 3902; x_wconf 89' lang='lat' dir='ltr'>ad</span> <span class='ocrx_word' id='word_1_293' title='bbox 1106 3837 1253 3905; x_wconf 84' lang='lat' dir='ltr'>amussim</span> <span class='ocrx_word' id='word_1_294' title='bbox 1283 3835 1423 3924; x_wconf 80' lang='lat' dir='ltr'>quadrat.</span> 
     </span>
     <span class='ocr_line' id='line_1_32' title="bbox 141 3937 1425 4029; baseline 0.003 -23"><span class='ocrx_word' id='word_1_295' title='bbox 141 3937 223 4008; x_wconf 79' lang='lat' dir='ltr'>ctu</span> <span class='ocrx_word' id='word_1_296' title='bbox 238 3941 320 4004; x_wconf 89' lang='lat' dir='ltr'>enim</span> <span class='ocrx_word' id='word_1_297' title='bbox 333 3953 427 4008; x_wconf 84' lang='lat' dir='ltr'>aestus</span> <span class='ocrx_word' id='word_1_298' title='bbox 440 3941 536 4006; x_wconf 87' lang='lat' dir='ltr'>maris</span> <span class='ocrx_word' id='word_1_299' title='bbox 549 3963 614 4008; x_wconf 92' lang='lat' dir='ltr'>non</span> <span class='ocrx_word' id='word_1_300' title='bbox 628 3942 729 4008; x_wconf 91' lang='lat' dir='ltr'>solum</span> <span class='ocrx_word' id='word_1_301' title='bbox 744 3943 784 4008; x_wconf 94' lang='lat' dir='ltr'>ab</span> <span class='ocrx_word' id='word_1_302' title='bbox 799 3942 836 4008; x_wconf 78' lang='lat' dir='ltr'>ed</span> <span class='ocrx_word' id='word_1_303' title='bbox 851 3942 893 4020; x_wconf 84' lang='lat' dir='ltr'>vi,</span> <span class='ocrx_word' id='word_1_304' title='bbox 915 3963 986 4029; x_wconf 80' lang='lat' dir='ltr'>quae</span> <span class='ocrx_word' id='word_1_305' title='bbox 1000 3943 1111 4008; x_wconf 88' lang='lat' dir='ltr'>vortici</span> <span class='ocrx_word' id='word_1_306' title='bbox 1134 3943 1259 4010; x_wconf 88' lang='lat' dir='ltr'>Lunam</span> <span class='ocrx_word' id='word_1_307' title='bbox 1273 3943 1425 4010; x_wconf 88' lang='lat' dir='ltr'>ambienti</span> 
     </span>
     <span class='ocr_line' id='line_1_33' title="bbox 139 4047 1424 4138; baseline 0.002 -24"><span class='ocrx_word' id='word_1_308' title='bbox 139 4047 297 4132; x_wconf 89' lang='lat' dir='ltr'>competit,</span> <span class='ocrx_word' id='word_1_309' title='bbox 314 4050 440 4128; x_wconf 88' lang='lat' dir='ltr'>oriatur,</span> <span class='ocrx_word' id='word_1_310' title='bbox 463 4049 519 4114; x_wconf 88' lang='lat' dir='ltr'>sed</span> <span class='ocrx_word' id='word_1_311' title='bbox 541 4049 634 4114; x_wconf 86' lang='lat' dir='ltr'>ctiam</span> <span class='ocrx_word' id='word_1_312' title='bbox 655 4073 675 4116; x_wconf 87' lang='lat' dir='ltr'>a</span> <span class='ocrx_word' id='word_1_313' title='bbox 694 4051 726 4116; x_wconf 85' lang='lat' dir='ltr'>vi</span> <span class='ocrx_word' id='word_1_314' title='bbox 749 4049 854 4116; x_wconf 84' lang='lat' dir='ltr'>Solem</span> <span class='ocrx_word' id='word_1_315' title='bbox 875 4060 1035 4135; x_wconf 85' lang='lat' dir='ltr'>spectante</span> <span class='ocrx_word' id='word_1_316' title='bbox 1055 4049 1201 4135; x_wconf 86' lang='lat' dir='ltr'>pendeat,</span> <span class='ocrx_word' id='word_1_317' title='bbox 1224 4071 1297 4138; x_wconf 85' lang='lat' dir='ltr'>quae</span> <span class='ocrx_word' id='word_1_318' title='bbox 1314 4053 1424 4116; x_wconf 84' lang='lat' dir='ltr'>ceteris</span> 
     </span>
     <span class='ocr_line' id='line_1_34' title="bbox 137 4158 1425 4248; baseline 0.002 -24"><span class='ocrx_word' id='word_1_319' title='bbox 137 4158 267 4246; x_wconf 86' lang='lat' dir='ltr'>paribus</span> <span class='ocrx_word' id='word_1_320' title='bbox 292 4158 412 4226; x_wconf 87' lang='lat' dir='ltr'>circiter</span> <span class='ocrx_word' id='word_1_321' title='bbox 437 4159 613 4248; x_wconf 91' lang='lat' dir='ltr'>quadruplo</span> <span class='ocrx_word' id='word_1_322' title='bbox 637 4161 740 4226; x_wconf 90' lang='lat' dir='ltr'>minor</span> <span class='ocrx_word' id='word_1_323' title='bbox 763 4173 812 4227; x_wconf 91' lang='lat' dir='ltr'>est</span> <span class='ocrx_word' id='word_1_324' title='bbox 836 4161 866 4226; x_wconf 91' lang='lat' dir='ltr'>vi</span> <span class='ocrx_word' id='word_1_325' title='bbox 892 4161 1003 4240; x_wconf 81' lang='lat' dir='ltr'>Lunae,</span> <span class='ocrx_word' id='word_1_326' title='bbox 1028 4161 1225 4228; x_wconf 82' lang='lat' dir='ltr'>manifestum</span> <span class='ocrx_word' id='word_1_327' title='bbox 1245 4173 1293 4226; x_wconf 87' lang='lat' dir='ltr'>est</span> <span class='ocrx_word' id='word_1_328' title='bbox 1314 4173 1425 4226; x_wconf 74' lang='lat' dir='ltr'>astum</span> 
     </span>
     <span class='ocr_line' id='line_1_35' title="bbox 137 4266 1424 4356; baseline 0.002 -24"><span class='ocrx_word' id='word_1_329' title='bbox 137 4266 232 4332; x_wconf 86' lang='lat' dir='ltr'>maris</span> <span class='ocrx_word' id='word_1_330' title='bbox 256 4266 428 4332; x_wconf 85' lang='lat' dir='ltr'>maximum</span> <span class='ocrx_word' id='word_1_331' title='bbox 446 4291 514 4336; x_wconf 88' lang='lat' dir='ltr'>esse</span> <span class='ocrx_word' id='word_1_332' title='bbox 538 4268 663 4346; x_wconf 89' lang='lat' dir='ltr'>debere,</span> <span class='ocrx_word' id='word_1_333' title='bbox 690 4269 717 4334; x_wconf 87' lang='lat' dir='ltr'>si</span> <span class='ocrx_word' id='word_1_334' title='bbox 737 4269 839 4336; x_wconf 82' lang='lat' dir='ltr'>ambae</span> <span class='ocrx_word' id='word_1_335' title='bbox 859 4269 941 4334; x_wconf 89' lang='lat' dir='ltr'>vires</span> <span class='ocrx_word' id='word_1_336' title='bbox 961 4269 1043 4335; x_wconf 89' lang='lat' dir='ltr'>inter</span> <span class='ocrx_word' id='word_1_337' title='bbox 1064 4291 1098 4336; x_wconf 88' lang='lat' dir='ltr'>se</span> <span class='ocrx_word' id='word_1_338' title='bbox 1119 4271 1308 4355; x_wconf 86' lang='lat' dir='ltr'>conspirent,</span> <span class='ocrx_word' id='word_1_339' title='bbox 1331 4281 1424 4356; x_wconf 87' lang='lat' dir='ltr'>atqua</span> 
     </span>
     <span class='ocr_line' id='line_1_36' title="bbox 138 4377 1425 4466; baseline 0.002 -24"><span class='ocrx_word' id='word_1_340' title='bbox 138 4400 252 4464; x_wconf 88' lang='lat' dir='ltr'>aquam</span> <span class='ocrx_word' id='word_1_341' title='bbox 265 4377 359 4444; x_wconf 91' lang='lat' dir='ltr'>simul</span> <span class='ocrx_word' id='word_1_342' title='bbox 374 4377 424 4444; x_wconf 92' lang='lat' dir='ltr'>vel</span> <span class='ocrx_word' id='word_1_343' title='bbox 438 4377 558 4446; x_wconf 78' lang='lat' dir='ltr'>elevent</span> <span class='ocrx_word' id='word_1_344' title='bbox 571 4379 622 4444; x_wconf 86' lang='lat' dir='ltr'>vel</span> <span class='ocrx_word' id='word_1_345' title='bbox 642 4379 830 4463; x_wconf 84' lang='lat' dir='ltr'>deprimant,</span> <span class='ocrx_word' id='word_1_346' title='bbox 850 4379 885 4448; x_wconf 88' lang='lat' dir='ltr'>id</span> <span class='ocrx_word' id='word_1_347' title='bbox 898 4379 985 4466; x_wconf 93' lang='lat' dir='ltr'>quod</span> <span class='ocrx_word' id='word_1_348' title='bbox 998 4377 1140 4446; x_wconf 86' lang='lat' dir='ltr'>accidere</span> <span class='ocrx_word' id='word_1_349' title='bbox 1154 4377 1347 4444; x_wconf 87' lang='lat' dir='ltr'>ostendimus</span> <span class='ocrx_word' id='word_1_350' title='bbox 1360 4390 1425 4444; x_wconf 88' lang='lat' dir='ltr'>tam</span> 
     </span>
     <span class='ocr_line' id='line_1_37' title="bbox 135 4483 1424 4572; baseline 0.004 -23"><span class='ocrx_word' id='word_1_351' title='bbox 135 4483 316 4572; x_wconf 85' lang='lat' dir='ltr'>pleniluniis</span> <span class='ocrx_word' id='word_1_352' title='bbox 340 4483 434 4571; x_wconf 76' lang='lat' dir='ltr'>quim</span> <span class='ocrx_word' id='word_1_353' title='bbox 457 4486 636 4552; x_wconf 85' lang='lat' dir='ltr'>noviluniis.</span> <span class='ocrx_word' id='word_1_354' title='bbox 680 4485 806 4556; x_wconf 85' lang='lat' dir='ltr'>Deinde</span> <span class='ocrx_word' id='word_1_355' title='bbox 829 4485 923 4550; x_wconf 91' lang='lat' dir='ltr'>simili</span> <span class='ocrx_word' id='word_1_356' title='bbox 945 4484 1053 4564; x_wconf 86' lang='lat' dir='ltr'>modo,</span> <span class='ocrx_word' id='word_1_357' title='bbox 1077 4485 1225 4571; x_wconf 86' lang='lat' dir='ltr'>quoniam</span> <span class='ocrx_word' id='word_1_358' title='bbox 1248 4485 1318 4552; x_wconf 77' lang='lat' dir='ltr'>isra</span> <span class='ocrx_word' id='word_1_359' title='bbox 1342 4487 1424 4554; x_wconf 83' lang='lat' dir='ltr'>viras</span> 
     </span>
     <span class='ocr_line' id='line_1_38' title="bbox 136 4593 1425 4684; baseline -0.001 -25"><span class='ocrx_word' id='word_1_360' title='bbox 136 4596 218 4660; x_wconf 87' lang='lat' dir='ltr'>inter</span> <span class='ocrx_word' id='word_1_361' title='bbox 240 4617 274 4659; x_wconf 89' lang='lat' dir='ltr'>se</span> <span class='ocrx_word' id='word_1_362' title='bbox 294 4593 432 4660; x_wconf 65' lang='lat' dir='ltr'>mamm&amp;</span> <span class='ocrx_word' id='word_1_363' title='bbox 445 4594 625 4680; x_wconf 88' lang='lat' dir='ltr'>discrepant</span> <span class='ocrx_word' id='word_1_364' title='bbox 646 4599 679 4663; x_wconf 91' lang='lat' dir='ltr'>in</span> <span class='ocrx_word' id='word_1_365' title='bbox 694 4597 902 4683; x_wconf 86' lang='lat' dir='ltr'>quadraturis,</span> <span class='ocrx_word' id='word_1_366' title='bbox 919 4596 1031 4684; x_wconf 86' lang='lat' dir='ltr'>quibus</span> <span class='ocrx_word' id='word_1_367' title='bbox 1045 4595 1238 4680; x_wconf 82' lang='lat' dir='ltr'>temporibus</span> <span class='ocrx_word' id='word_1_368' title='bbox 1252 4595 1329 4662; x_wconf 89' lang='lat' dir='ltr'>dum</span> <span class='ocrx_word' id='word_1_369' title='bbox 1343 4619 1425 4682; x_wconf 88' lang='lat' dir='ltr'>aqua</span> 
     </span>
     <span class='ocr_line' id='line_1_39' title="bbox 138 4699 1421 4788; baseline 0.002 -26"><span class='ocrx_word' id='word_1_370' title='bbox 138 4723 157 4762; x_wconf 88' lang='lat' dir='ltr'>s</span> <span class='ocrx_word' id='word_1_371' title='bbox 179 4699 271 4766; x_wconf 75' lang='lat' dir='ltr'>Luni</span> <span class='ocrx_word' id='word_1_372' title='bbox 294 4699 430 4765; x_wconf 74' lang='lat' dir='ltr'>maxime</span> <span class='ocrx_word' id='word_1_373' title='bbox 452 4699 600 4779; x_wconf 87' lang='lat' dir='ltr'>elevatur,</span> <span class='ocrx_word' id='word_1_374' title='bbox 623 4704 715 4770; x_wconf 86' lang='lat' dir='ltr'>sirnul</span> <span class='ocrx_word' id='word_1_375' title='bbox 736 4727 757 4770; x_wconf 89' lang='lat' dir='ltr'>a</span> <span class='ocrx_word' id='word_1_376' title='bbox 778 4703 852 4770; x_wconf 90' lang='lat' dir='ltr'>Sole</span> <span class='ocrx_word' id='word_1_377' title='bbox 873 4701 1009 4770; x_wconf 74' lang='lat' dir='ltr'>manunt</span> <span class='ocrx_word' id='word_1_378' title='bbox 1023 4703 1210 4788; x_wconf 87' lang='lat' dir='ltr'>deprimitur</span> <span class='ocrx_word' id='word_1_379' title='bbox 1225 4724 1261 4768; x_wconf 91' lang='lat' dir='ltr'>ac</span> <span class='ocrx_word' id='word_1_380' title='bbox 1276 4703 1421 4780; x_wconf 84' lang='lat' dir='ltr'>vicissim,</span> 
     </span>
    </p>
   </div>
   <div class='ocr_carea' id='block_1_3' title="bbox 138 4807 1424 4968">
    <p class='ocr_par' dir='ltr' id='par_1_5' title="bbox 138 4807 1424 4968">
     <span class='ocr_line' id='line_1_40' title="bbox 138 4807 1424 4897; baseline 0.005 -28"><span class='ocrx_word' id='word_1_381' title='bbox 138 4807 337 4892; x_wconf 84' lang='lat' dir='ltr'>perspicuum</span> <span class='ocrx_word' id='word_1_382' title='bbox 348 4819 395 4876; x_wconf 87' lang='lat' dir='ltr'>est</span> <span class='ocrx_word' id='word_1_383' title='bbox 409 4808 519 4874; x_wconf 83' lang='lat' dir='ltr'>iisdem</span> <span class='ocrx_word' id='word_1_384' title='bbox 531 4811 722 4897; x_wconf 90' lang='lat' dir='ltr'>temporibus</span> <span class='ocrx_word' id='word_1_385' title='bbox 733 4823 842 4878; x_wconf 83' lang='lat' dir='ltr'>aestum</span> <span class='ocrx_word' id='word_1_386' title='bbox 855 4811 1018 4876; x_wconf 87' lang='lat' dir='ltr'>minimum</span> <span class='ocrx_word' id='word_1_387' title='bbox 1031 4833 1099 4878; x_wconf 87' lang='lat' dir='ltr'>csse</span> <span class='ocrx_word' id='word_1_388' title='bbox 1110 4811 1234 4878; x_wconf 85' lang='lat' dir='ltr'>debere.</span> <span class='ocrx_word' id='word_1_389' title='bbox 1268 4812 1424 4876; x_wconf 75' lang='lat' dir='ltr'>Praeterea</span> 
     </span>
     <span class='ocr_line' id='line_1_41' title="bbox 756 4921 805 4968; baseline 0 0"><span class='ocrx_word' id='word_1_390' title='bbox 756 4921 776 4968; x_wconf 89' lang='lat' dir='ltr'>z</span> <span class='ocrx_word' id='word_1_391' title='bbox 790 4927 805 4968; x_wconf 86' lang='lat' dir='ltr'>s</span> 
     </span>
    </p>
   </div>
   <div class='ocr_carea' id='block_1_4' title="bbox 0 0 1762 5870">
    <p class='ocr_par' dir='ltr' id='par_1_6' title="bbox 0 0 1762 5870">
     <span class='ocr_line' id='line_1_42' title="bbox 0 0 1762 5870; baseline 0 1"><span class='ocrx_word' id='word_1_392' title='bbox 0 0 1762 5870; x_wconf 95' lang='lat' dir='ltr'> </span> 
     </span>
    </p>
   </div>
  </div>
 </body>
</html>
