3520 5884
166 607 244 674 Cin.
264 609 324 692 11.]
537 613 604 679 AD
627 613 848 683 TERTIUM
874 619 1071 689 LIBRUM.

677 1149 852 1226 CAPUT
879 1152 930 1226 ΙΙ.

296 1435 454 1508 Siderum
469 1425 633 1528 refractio
649 1447 685 1511 et
694 1441 887 1534 paraliam
904 1443 1052 1516 breviter
1066 1443 1291 1538 explicantur.

160 1727 210 1784 ns.
234 1691 303 1788 SA
325 1717 365 1821 ni
388 1717 420 1782 Ν
439 1718 535 1805 pnm
556 1723 735 1810 superficies
757 1725 819 1813 qun
841 1730 895 1792 an
916 1729 1016 1793 rarior
1038 1729 1078 1794 M
1094 1729 1125 1796 o
1142 1729 1218 1799 nn
1237 1732 1340 1796 nram
1359 1727 1436 1797 den-

159 1824 271 1890 siorem
296 1825 456 1914 contingit
503 1827 625 1896 Radius
651 1830 730 1898 lunis
754 1854 812 1919 per
837 1844 955 1902 rectam
980 1835 1011 1900 A
1035 1835 1063 1900 C
1084 1848 1274 1924 propagatus
1299 1857 1340 1900 ex
1365 1837 1437 1902 anre

146 3833 261 3904 rnrioii
281 3837 315 3904 in
336 3835 512 3906 densiorem
526 3831 651 3922 obliqui
666 3844 804 3900 transeat
822 3853 879 3920 per
900 3845 1052 3920 punctum
1068 3833 1097 3900 C
1111 3847 1142 3900 et
1156 3835 1229 3902 indi
1244 3835 1360 3907 [eratin
1373 3865 1430 3932 per

145 3944 231 4024 ΟΕ,
253 3967 310 4032 per
327 3945 356 4010 C
377 3943 509 4012 dueatur
532 3943 560 4010 B
575 3941 605 4008 E
619 3941 660 4008 nd
682 3941 722 4008 M
745 3941 778 4008 N
797 3941 1072 4028 pemendicularis,
1096 3945 1285 4032 experientii
1311 3963 1429 4018 certum

149 4063 199 4116 est
219 4051 343 4116 radium
365 4051 397 4116 A
420 4050 449 4116 C
469 4051 502 4114 in
524 4052 596 4114 aire
617 4047 754 4114 densiori
775 4071 840 4112 non
861 4049 1029 4137 propagari
1042 4070 1100 4137 per
1113 4065 1230 4118 rectam
1251 4057 1430 4124 continuam

147 4157 185 4222 A
201 4157 228 4224 C
242 4159 286 4238 D,
310 4157 365 4222 sed
386 4159 419 4222 in
433 4169 551 4244 puncto
567 4154 596 4221 C
610 4154 654 4220 iti
669 4153 805 4242 restringi
818 4177 876 4241 per
892 4155 920 4222 C
936 4154 963 4219 F
979 4155 1156 4222 accedendo
1170 4159 1211 4226 ad
1223 4161 1429 4248 perpendicu.

143 4261 248 4328 Imm
263 4263 291 4328 B
307 4264 335 4329 C
349 4261 389 4340 Ε,
404 4275 441 4328 ut
462 4263 547 4328 sinus
562 4261 818 4352 anguiicujusvis
832 4263 864 4327 A
877 4261 947 4327 CB
962 4261 1002 4327 sit
1016 4283 1138 4352 semper
1151 4265 1192 4332 nd
1207 4268 1309 4336 sinum
1323 4271 1429 4360 anguli

144 4369 177 4436 E
203 4369 231 4434 C
254 4367 281 4432 F
302 4369 334 4432 in
355 4368 427 4435 dati
449 4370 577 4435 ratione.
623 4371 653 4434 A
671 4368 828 4436 Cdicitur
841 4367 948 4434 radius
961 4367 1111 4449 incidens,
1137 4369 1337 4458 Cpunctum
1351 4377 1428 4442 ind.

141 4476 274 4554 dentiae,
293 4473 360 4539 CF
375 4477 480 4542 radius
494 4475 656 4554 refractus,
670 4475 700 4539 A
714 4474 783 4544 CB
798 4473 930 4564 angulus
945 4473 1161 4556 inclinationis,
1175 4477 1427 4568 EcFangulus

140 4585 309 4664 refractus,
325 4597 358 4648 et
371 4585 404 4658 D
420 4586 491 4656 CF
507 4585 640 4676 angulus
654 4583 845 4650 restinctionis

770 4927 807 4975 M
