3540 5886
310 441 373 498 316
559 431 824 510 INQUISITIO
847 431 1049 499 PHYSlCA
1073 431 1123 496 IN
1146 429 1340 498 CAUSAM

309 611 329 668 6
377 601 600 688 quQcos.
615 625 633 666 a
653 649 1008 716 †..-.-.......

365 689 491 786 B(1-
448 710 524 764 -2
540 704 574 790 s)

308 808 369 874 sive
381 821 516 872 sumtum
531 825 562 888 et
575 832 632 896 per
643 811 693 876 da
707 811 841 876 divisum
852 811 927 875 dat'
919 831 1018 896 ipsam
1032 810 1217 874 celeritatem
1231 807 1388 874 ascensus.
1425 807 1594 886 Quoniam

310 927 413 979 autem
427 915 496 978 haec
511 918 669 1000 expressio
684 915 776 982 simul
790 915 917 981 exhibet
931 916 1074 1000 spatium,
1090 909 1152 1002 quo
1165 937 1250 978 mare
1265 936 1360 1000 supra
1373 913 1508 978 libellam
1522 913 1593 978 ele-

307 1033 406 1098 vatur,
424 1023 483 1087 erit
496 1023 636 1088 celeritas
650 1025 745 1088 maris
761 1023 795 1087 in
809 1023 917 1110 quovis
935 1022 1005 1088 loco
1019 1021 1126 1087 vereris
1140 1020 1330 1086 occidentem
1345 1019 1592 1105 proportionalis

309 1129 471 1193 elevationi
497 1151 591 1214 supra
615 1131 762 1210 libellam,
788 1144 821 1198 et
843 1131 963 1196 inverse
989 1131 1193 1216 prostraditati
1216 1131 1319 1207 maris,
1349 1149 1420 1214 quse
1442 1142 1489 1194 est
1510 1149 1592 1194 vera

308 1242 414 1327 regula
428 1263 487 1326 pro
501 1253 588 1306 motu
602 1244 707 1320 maris,
730 1257 795 1308 tam
808 1243 946 1308 verticuli
961 1239 1260 1330 qudmhorizontali,
1276 1238 1470 1315 definiend03
1493 1251 1592 1324 atque

309 1350 353 1414 ita
365 1351 462 1440 priori
476 1351 572 1416 modo
586 1351 783 1418 insufficienti
797 1353 998 1438 supersedere
1011 1353 1228 1438 potuissemus.
1339 1395 1348 1414 .

352 1461 376 1535 i.
399 1465 451 1520 96.
488 1457 729 1522 Consideremus
755 1481 830 1548 ergo
854 1473 984 1536 motum,
1010 1481 1073 1544 quo
1097 1481 1178 1544 aqua
1200 1455 1262 1522 uim
1287 1454 1470 1522 verticaliter
1491 1451 1592 1539 quaim

307 1560 539 1629 horizonteliter
558 1577 758 1648 promovetur
772 1589 791 1630 a
804 1567 892 1630 fluxu
906 1588 1004 1652 usque
1019 1566 1059 1630 nd
1075 1565 1237 1640 refluxum,
1253 1563 1387 1647 indeque
1401 1560 1442 1642 ad
1456 1581 1591 1645 sequen-

307 1679 370 1732 tem
385 1670 516 1748 fluxum‚
539 1671 633 1758 idque
655 1674 714 1737 sub
734 1686 900 1761 aequatore,
924 1675 1001 1743 dcun
1020 1674 1113 1738 Luna
1135 1673 1250 1759 pariter
1265 1673 1298 1735 in
1312 1681 1469 1757 oequatore
1482 1690 1592 1732 versa-

305 1785 374 1840 tur:
397 1777 456 1842 erit
470 1778 575 1866 itaque
589 1780 728 1846 celeritas
744 1783 889 1848 ascensus
904 1795 939 1847 ut
953 1819 997 1834 -
1011 1783 1069 1846 sin.
1085 1790 1104 1848 2
1120 1803 1147 1860 a,
1163 1780 1303 1848 celeritas
1319 1791 1423 1844 autem
1436 1775 1592 1842 horinon-
1704 1793 1705 1808 ¹

311 3601 508 3670 tulissemus
530 3625 675 3670 occasum
696 3617 732 3670 ut
757 3613 995 3681 mnata-t·
1018 3606 1240 3694 lpoaitog=
1264 3609 1593 3695 1²⁶,cuieupressioui

312 3713 404 3778 simul
430 3713 561 3780 altitudo
583 3735 672 3800 aqum
694 3735 789 3799 supra
808 3715 946 3780 libellam
968 3727 1014 3780 est
1038 3715 1287 3800 proportionalis.
1347 3715 1445 3792 Qubd
1467 3721 1495 3782 si
1518 3741 1593 3805 ergo

315 3823 495 3908 superficies
518 3824 628 3890 Terrae
649 3845 704 3888 seu
725 3824 891 3908 perimeter
912 3822 1078 3909 oequatoris
1099 3824 1133 3888 in
1150 3831 1190 3888 24
1206 3837 1310 3909 partes
1325 3825 1460 3910 aequales
1474 3826 1594 3890 divida-

310 3945 372 4012 tur,
399 3945 493 4020 atquc
515 3935 549 3998 in
574 3935 650 4000 locis
675 3935 706 3999 A
728 3947 759 3999 et
779 3935 807 3998 B
830 3955 912 4020 equs
934 3923 975 3996 sit
998 3931 1133 3998 maxime
1151 3933 1279 4010 elevata,
1302 3933 1338 3996 in
1360 3933 1388 3998 C
1410 3947 1442 4000 et
1463 3936 1497 3999 D
1518 3934 1592 3999 verb

310 4042 448 4121 minime,
471 4044 594 4108 numeri
618 4053 645 4122 1,
663 4053 693 4122 2,
711 4055 741 4124 3,
756 4046 814 4110 &o
837 4043 1046 4132 designabunt
1066 4065 1104 4108 ea
1126 4044 1236 4111 Terrae
1257 4043 1327 4108 loca
1347 4045 1507 4130 inquibus
1520 4056 1592 4108 ante

310 4173 406 4216 unam
427 4151 477 4216 vel
497 4152 575 4216 duas
589 4152 716 4218 veltres
730 4153 789 4232 vel,
805 4155 864 4219 &c
886 4153 979 4218 boras
1001 4153 1125 4220 lunares
1140 4175 1221 4240 aqua
1240 4153 1376 4218 maxime
1391 4153 1449 4218 luit
1462 4153 1589 4230 elevata,

313 4259 480 4325 tribuendo
504 4263 560 4326 uni
589 4261 677 4326 borae
704 4263 807 4327 lunari
831 4269 873 4327 62
900 4263 1028 4328 minuta.
1073 4263 1113 4327 In
1137 4259 1242 4326 tabula
1262 4283 1339 4348 ergo
1359 4259 1480 4326 annexi
1501 4259 1592 4324 exhi-

310 4365 402 4430 betur
424 4379 528 4432 motus
551 4380 616 4434 tam
638 4367 800 4446 verticalis,
825 4367 920 4455 quim
942 4368 1151 4446 horizontelis,
1177 4367 1218 4432 ad
1241 4367 1378 4456 singulas
1404 4367 1499 4432 horos
1523 4379 1595 4451 post

310 4472 433 4538 fluxum
447 4477 578 4563 elapsas.
