3568 5872
195 503 275 570 Car.
291 501 336 582 1.]
566 499 633 566 AD
654 497 877 568 TERTIUM
902 499 1099 568 LIBRUM.
1435 502 1471 566 xi

193 675 316 742 Cmcer
337 685 382 751 Β,
406 672 474 738 Leo
493 675 537 748 u,
553 671 654 760 Virgo
670 681 714 738 ut
770 673 835 740 Sex
855 674 949 740 etiam
969 667 1116 740 australia
1140 673 1284 740 videlicet
1304 673 1403 740 Libra
1424 689 1470 755 ὑ,

193 785 343 870 Scorpius
378 793 422 861 m,
462 781 646 870 Sagittarius
688 783 727 860 t,
759 782 970 868 Capricornus
1008 791 1039 850 ¹5
1076 783 1127 850 vel
1160 789 1206 861 U,
1238 771 1397 870 Aquarius
1425 794 1471 862 ιτ,

194 894 301 960 Pisces
325 903 365 958 st.
409 892 513 970 Arias,
537 891 663 958 Taurus
681 915 720 958 ac
736 892 874 972 Gemini,
896 913 967 978 quse
981 893 1063 958 inter
1081 903 1234 979 punctum
1255 891 1471 980 aequinoctiale

184 1017 323 1066 'vernum
331 1010 364 1064 et
375 1009 529 1084 punctum
544 998 702 1064 solstitiale
716 999 859 1064 aestirum
868 999 1071 1066 continentur
1085 993 1241 1080 dicamur,
1257 999 1346 1088 signa
1359 1021 1470 1066 verna-

193 1108 254 1182 lia3
278 1105 410 1182 Cancer,
432 1103 509 1181 Leo,
535 1103 635 1192 Virgo
653 1127 674 1168 a
692 1104 846 1172 solstitiali
868 1106 980 1171 restim
1001 1107 1043 1172 ad
1061 1105 1275 1193 aequinoctiale
1296 1107 1474 1172 autumnale

192 1226 356 1282 numerata
374 1212 549 1300 apellantur
562 1214 675 1280 motiva
683 1237 693 1290 ;
720 1213 828 1292 Libra,
853 1214 1002 1300 Scorpius
1017 1225 1050 1280 et
1064 1215 1249 1302 Sagittarius
1263 1213 1473 1291 autumnalia3

194 1324 414 1409 Capricornus,
439 1319 597 1406 Aquarius
617 1331 650 1386 et
671 1319 787 1400 Pisces,
802 1318 952 1406 hyberna.
997 1322 1097 1410 Signa
1109 1321 1342 1388 ascendentia-a
1353 1335 1471 1408 puncto

193 1430 346 1498 solstitiali
366 1429 510 1516 hyberno
530 1427 572 1492 ad
592 1429 743 1508 aestivurn,
769 1428 989 1496 descendentia
1006 1429 1082 1496 rerd
1096 1451 1116 1494 a
1129 1429 1282 1496 solstitiali
1303 1431 1412 1496 madro
1431 1430 1473 1495 ad

192 1539 368 1626 hybernum
383 1547 612 1622 computantur.

235 1656 267 1714 6.
290 1649 433 1712 maru
452 1659 501 1712 est
513 1647 646 1732 sphaerae
661 1647 794 1714 celem
815 1648 919 1742 portio
932 1671 988 1714 seu
1003 1671 1082 1714 aona
1095 1647 1219 1714 dnobus
1235 1647 1358 1715 circulis
1378 1649 1474 1734 eclip-

192 1757 264 1822 tiooe
276 1755 433 1842 parallelis
454 1767 487 1822 et
506 1755 655 1844 gradibus
670 1765 689 1822 8
706 1755 754 1820 vel
770 1765 790 1822 9
808 1756 883 1823 hino
902 1755 976 1824 inde
996 1756 1036 1822 ab
1053 1756 1198 1844 ecliptici
1212 1757 1395 1822 distantibus
1410 1769 1474 1822 ter-

193 1865 319 1942 minata,
342 1863 400 1928 sub
414 1861 475 1950 qui
489 1861 623 1947 planetae
638 1885 746 1930 omnes
759 1875 865 1930 motus
878 1885 952 1930 auos
967 1863 1141 1930 absolvunt
1186 1865 1276 1930 Dum
1290 1865 1418 1950 planeta
1431 1864 1472 1930 ab

194 1996 307 2038 occasu
321 1972 355 2038 in
370 1983 473 2038 ortum
488 1991 543 2036 seu
558 1971 729 2037 secundum
743 1971 887 2038 ordinem
908 1973 1079 2060 signorum
1102 1985 1157 2038 aut
1170 1973 1255 2058 quod
1270 1974 1355 2038 idem
1369 1985 1470 2052 sonat,

193 2081 228 2146 in
242 2080 331 2168 signa
345 2077 566 2164 consequentia
577 2077 726 2142 niminlm
733 2077 773 2142 ab
786 2077 894 2142 Ariete
902 2077 943 2142 ad
952 2078 1104 2155 Taurum,
1115 2077 1251 2144 aTauro
1260 2081 1300 2144 ad
1310 2081 1472 2159 Geminos,

195 2191 265 2265 δια,
288 2197 376 2250 motu
397 2185 526 2270 proprio
546 2184 655 2263 fertur,
680 2183 733 2250 ille
753 2183 879 2270 planeta
902 2196 979 2250 tnnc
999 2185 1149 2272 temporis
1170 2185 1306 2254 ducetur
1328 2199 1474 2268 vocatur3

196 2293 269 2361 crim
289 2293 387 2379 ipsius
408 2305 511 2358 motus
531 2293 677 2378 proprius
699 2313 820 2358 cmsare
842 2291 975 2372 videtur,
999 2315 1055 2357 seu
1076 2292 1153 2356 dum
1171 2294 1296 2378 planeta
1316 2294 1349 2358 in
1364 2295 1475 2362 eodem

195 2401 266 2468 coeli
279 2411 398 2485 puncto
411 2399 528 2462 morari
548 2419 607 2484 per
620 2397 739 2485 aliquot
752 2397 820 2462 diet
835 2397 983 2476 cernitur,
1007 2398 1153 2464 eumdem
1167 2399 1261 2464 situm
1276 2401 1410 2464 harum
1425 2425 1475 2468 re-

194 2520 303 2596 spectu
325 2527 461 2584 servans,
484 2506 680 2572 stationarius
702 2505 834 2584 dicitur3
857 2491 1058 2594 retrogradus
1079 2505 1206 2572 tandem
1228 2507 1403 2592 appellatur
1420 2511 1476 2577 uhi

195 2613 303 2682 contri
317 2616 477 2704 signorum
492 2614 634 2680 ordinem
647 2637 704 2680 seu
717 2615 751 2678 in
765 2613 989 2694 antecedentia,
1006 2626 1075 2679 uta
1089 2612 1198 2678 Tauro
1212 2611 1253 2678 ad
1269 2615 1418 2695 Arietem,
1434 2617 1475 2684 ab

196 2727 305 2790 Ariete
319 2725 359 2790 ad
376 2725 494 2802 Pisces,
510 2725 568 2789 &a
582 2725 713 2810 proprio
727 2735 816 2789 motu
829 2723 954 2790 incedit.

237 2840 267 2898 6.
292 2831 385 2895 Luna
399 2840 430 2894 et
447 2829 503 2896 Sol
517 2840 591 2895 sunt
605 2851 728 2915 semper
742 2828 872 2907 directi3
894 2841 927 2895 at
941 2828 1046 2894 caeteri
1060 2827 1194 2915 planetas
1208 2841 1275 2896 tum
1289 2831 1475 2918 superiores,

195 2939 347 3018 videlicet,
372 2941 534 3018 Saturnus,
557 2939 682 3026 Jupiter
696 2951 728 3034 et
744 2937 843 3018 Mars,
866 2953 934 3004 turn
948 2939 1121 3018 inferiores,
1142 2939 1301 3020 nimium,
1321 2942 1431 3007 Venus
1445 2953 1477 3007 et

197 3045 385 3124 Mercurius,
423 3045 534 3110 diremi
561 3043 676 3110 deinde
709 3045 883 3110 stationarii
918 3055 952 3109 et
979 3043 1090 3129 posteri
1117 3045 1292 3133 retrogradi
1320 3046 1476 3112 ridentur.

197 3153 318 3218 Eorum
338 3165 480 3238 tempora
499 3153 660 3238 periodica
682 3152 796 3238 quibus
810 3163 913 3216 totum
927 3149 1091 3216 andiacum
1105 3151 1138 3214 in
1153 3152 1374 3238 consequentia
1386 3175 1478 3238 pera-

194 3274 297 3351 grant,
320 3275 393 3328 sunt
411 3263 587 3348 inaequalia.
632 3261 716 3327 Nam
739 3262 892 3328 Saturnus
909 3269 950 3326 80
966 3259 1088 3324 circiter
1102 3259 1191 3324 annis
1204 3260 1370 3344 periodum
1389 3283 1478 3326 suam

193 3370 326 3436 absolvit
333 3395 342 3446 3
364 3372 488 3457 Jupiter
502 3371 591 3436 annis
606 3370 729 3434 circiter
746 3377 797 3447 12,
821 3369 912 3434 Mars
926 3368 1016 3433 annis
1031 3368 1155 3432 duobus
1169 3367 1243 3444 ferd,
1260 3369 1354 3434 Luna
1367 3367 1477 3436 diebus

195 3484 236 3546 27
258 3488 291 3542 et
310 3475 395 3542 horis
417 3485 436 3546 7
459 3477 591 3556 circiter,
614 3476 723 3541 Venus
745 3485 849 3538 antem
870 3485 903 3538 et
923 3472 1103 3538 Mercurius
1118 3493 1191 3536 cum
1207 3473 1281 3538 Sole
1295 3495 1379 3539 anno
1401 3497 1475 3541 uno.

196 3583 280 3648 Nam
292 3583 328 3648 hi
342 3583 406 3648 duo
419 3582 555 3669 planetae
572 3583 678 3650 Solem
691 3581 736 3648 iot
750 3592 930 3647 constanter
944 3580 1130 3646 comitantur
1145 3592 1180 3646 ut
1194 3581 1301 3648 Venus
1316 3603 1477 3669 nunquam

195 3692 278 3758 ultrti
291 3698 333 3762 47
346 3693 470 3758 circiter
483 3691 612 3781 gradus,
621 3713 680 3756 nec
696 3689 875 3756 Merctuius
888 3686 971 3754 uitri
986 3695 1026 3753 28
1039 3712 1058 3752 a
1071 3687 1144 3753 Sole
1152 3687 1355 3776 digrediatur,
1370 3689 1405 3754 id
1419 3703 1476 3769 est,

195 3798 329 3886 angulus
343 3799 500 3866 maximus
514 3799 573 3864 snb
588 3821 652 3887 quo
666 3799 813 3864 distantia
826 3797 960 3862 Veneris
978 3807 1033 3862 ant
1052 3795 1204 3862 Mercurii
1218 3819 1238 3864 a
1253 3798 1327 3864 Sole
1341 3820 1360 3864 e
1375 3797 1477 3864 Terrd

196 3906 394 3990 conspicitur,
409 3905 528 3994 gradus
542 3913 584 3974 47
599 3905 650 3970 vol
664 3913 705 3969 28
719 3925 881 3990 nunquam
895 3915 1031 3999 superat

240 4017 269 4080 7.
302 4013 417 4078 Cirrata·
440 4013 660 4090 declinationis,
683 4033 739 4076 seu
760 4011 865 4076 ciratlt'
884 4012 1012 4090 horarii,
1037 4025 1110 4078 sunt
1135 4014 1244 4080 circuli
1267 4012 1396 4078 maximi
1419 4035 1477 4099 per

198 4117 306 4182 mundi
325 4117 416 4203 polos
438 4129 632 4183 transeuntes
654 4129 686 4182 et
706 4116 839 4203 proinde
861 4119 1011 4204 aequatori
1031 4121 1313 4206 perpendiculares.
1359 4119 1477 4186 Sideris

197 4221 249 4286 vel
268 4226 375 4308 puncti
396 4224 561 4312 cujuslibet
580 4225 615 4290 in
636 4224 759 4310 sphaertl
778 4222 937 4290 mundani
952 4227 1113 4292 declinatio
1127 4239 1176 4292 est
1188 4249 1279 4292 arcus
1294 4225 1402 4292 circuli
1423 4227 1477 4293 de-

196 4327 371 4396 clinationis
396 4333 478 4397 inter
503 4331 591 4396 sidus
616 4332 667 4396 vel
691 4332 800 4396 datum
824 4345 977 4418 punctum
1005 4345 1038 4398 et
1062 4347 1252 4422 aequatorem
1277 4334 1475 4420 interceptus.

196 4435 340 4500 Arcerrrr'o
362 4447 444 4504 rectu
469 4438 579 4504 sideris
604 4450 653 4504 est
674 4460 764 4502 arcus
787 4440 953 4526 mquatoris
974 4440 1055 4504 inter
1079 4453 1230 4524 punctrun
1259 4439 1475 4527 mquiuoctiale

191 4563 323 4610 vernum
345 4553 378 4607 et
398 4544 548 4612 oirculmn
571 4544 786 4610 declinationis
811 4542 920 4611 sideris
934 4546 1018 4613 illius
1040 4545 1283 4633 comprehensus
1305 4572 1343 4614 ac
1364 4573 1474 4616 socun-

191 4651 269 4718 dum
283 4652 428 4718 ordinem
442 4649 601 4742 signorum
614 4667 804 4722 numeratus.
852 4657 967 4722 circuli
980 4660 1154 4724 uetudine
1173 4658 1311 4724 siderum
1326 4673 1399 4726 sunt
1413 4663 1473 4726 cir·
