3516 5870
407 577 598 646 FLUXUS
619 577 681 644 AC
704 577 959 646 REFLUXUS
980 579 1139 648 Manis
1350 589 1412 652 257

133 743 1412 834 pandamvidutur,qoldrisLuusinpaioricamreepoemvissolia

134 869 307 936 evanescat,
323 856 396 924 culm
409 870 512 924 nmen
525 856 635 921 eadem
647 875 723 920 casu
743 855 909 940 posteriori
930 856 1063 922 multam
1083 857 1214 922 excedat
1234 857 1298 922 rim
1317 857 1410 924 Solis.

134 965 198 1032 Sed
218 987 304 1047 mcx,
326 966 400 1033 ador
418 966 546 1032 &aare
567 965 729 1052 uotaque
747 963 871 1052 genno
891 963 1072 1051 diligentirls
1088 965 1268 1032 evolvamus
1287 976 1320 1030 et
1338 987 1411 1051 per·

132 1074 313 1158 pendemus,
329 1074 402 1140 satis
416 1070 553 1138 dilucide
565 1071 694 1156 patebit,
709 1091 764 1135 cos
784 1071 866 1136 inter
880 1091 914 1134 se
927 1068 1064 1134 maxime
1075 1069 1262 1154 discrepare,
1285 1083 1378 1157 utque
1391 1095 1412 1136 a

132 1184 172 1260 ri,
189 1205 259 1269 quta
273 1185 305 1247 in
319 1185 495 1248 misaam
510 1182 644 1248 Terram
660 1180 823 1246 rammam
837 1179 1111 1258 exercerem,
1126 1181 1295 1248 maiorum
1306 1195 1411 1248 umen

130 1289 328 1378 agitationem
342 1287 479 1373 partium
493 1287 605 1352 Terrae
618 1287 838 1352 interseoriri
854 1285 1151 1371 posseetrieisairu.
1346 1321 1351 1330 ·

172 1393 982 1478 §.17·Adillnmautemharomririrrmeffettrm
999 1391 1410 1480 quiirroomotionepar·

129 1504 207 1568 tium
229 1504 340 1570 Terrae
361 1504 499 1570 interae
519 1503 669 1583 consistit,
693 1503 936 1590 dijudicandum,
960 1515 1032 1570 ante
1058 1505 1164 1570 onmia
1184 1503 1411 1589 probenoori

129 1625 265 1698 oportet,
288 1615 314 1678 si
336 1611 469 1700 singulae
491 1612 602 1677 Terrae
621 1626 727 1699 partes
748 1613 865 1679 viribus
886 1615 1057 1702 equalibus
1079 1627 1112 1681 et
1133 1615 1167 1680 in
1187 1614 1410 1680 directionibus

129 1722 215 1786 inter
229 1743 263 1786 se
276 1719 432 1806 parallelis
446 1719 660 1801 sollicitentur,
670 1741 709 1788 eo
722 1741 797 1788 essu
810 1723 930 1788 nullam
943 1727 1072 1790 omnino
1085 1725 1325 1790 commotionem
1338 1743 1411 1807 par·

130 1831 208 1894 tium
225 1829 313 1911 oriri,
326 1829 445 1898 etiamsi
460 1834 523 1898 sint
536 1832 672 1898 maxime
685 1833 791 1898 fluidae
805 1831 953 1920 nulloque
967 1833 1092 1900 vinculo
1106 1834 1238 1898 irrvioem
1249 1851 1410 1908 connexae,

130 1938 186 2005 sed
201 1951 303 2004 toturn
324 1941 438 2006 virium
459 1941 603 2006 effectum
624 1941 659 2005 in
680 1942 802 2029 integro
817 1953 937 2006 tantum
952 1963 1084 2027 corpore
1099 1940 1254 2005 movendo
1268 1959 1411 2004 maurn-

130 2059 197 2112 tum
210 2047 268 2123 iri;
289 2047 420 2132 perinde
434 2069 470 2112 ac
485 2049 511 2113 si
524 2060 625 2113 totum
640 2049 751 2114 Terrae
765 2068 878 2133 corpus
893 2050 940 2114 vel
956 2051 988 2114 in
1004 2050 1097 2123 unico
1110 2059 1228 2133 puncto
1242 2060 1412 2140 macon-

132 2157 248 2233 flatum,
273 2157 324 2222 vel
345 2179 386 2222 ex
406 2155 536 2222 austerii
558 2157 736 2224 firmissime
757 2158 838 2223 inter
860 2179 894 2223 se
914 2157 1055 2224 connexi
1071 2167 1236 2222 mostaret.
1282 2157 1412 2243 Exque

133 2263 331 2330 manifestum
352 2277 400 2330 eat
419 2279 525 2351 partas
541 2264 652 2332 Terrae
667 2266 776 2330 saltem
790 2265 912 2346 fluidas,
936 2289 1007 2354 quae
1027 2267 1145 2331 riribm
1160 2266 1272 2331 cedere
1285 2277 1412 2352 queant,

130 2375 210 2440 inter
237 2397 271 2440 se
293 2378 483 2443 wuuooveri
507 2397 571 2441 non
595 2399 697 2462 posse,
723 2377 783 2442 nisi
809 2401 829 2442 a
852 2379 970 2442 viribus
995 2375 1196 2441 alisshrilibus
1221 2388 1411 2464 argentatum

131 2495 224 2569 atque
245 2483 327 2549 hanc
348 2485 390 2549 ob
411 2507 478 2550 rem
498 2507 562 2551 non
578 2487 761 2574 magnitudo
775 2487 887 2551 virium
908 2499 1013 2574 partes
1036 2485 1148 2552 Terrae
1169 2485 1411 2562 sollicitandum,

94 2613 107 2634 ⁰
130 2589 186 2656 sed
200 2589 305 2674 potiris
320 2589 549 2669 dissimilitudo,
564 2591 625 2679 qul
637 2591 713 2657 olam
727 2595 906 2680 quantitatis
925 2591 993 2658 trlrn
1006 2591 1184 2657 directionis
1198 2591 1317 2656 ratione
1331 2591 1413 2656 inter

131 2721 163 2762 se
178 2697 365 2784 discrepant,
380 2721 451 2764 eum
466 2700 621 2778 effectum,
644 2724 707 2788 quo
721 2703 796 2766 situs
810 2703 946 2788 partium
962 2717 1087 2769 mutuus
1108 2703 1316 2788 perturbetur,
1337 2723 1413 2787 pro·

129 2805 224 2873 ducit
270 2808 320 2872 Ita
344 2807 391 2872 ris
417 2809 508 2886 Solis,
533 2807 592 2874 etsi
616 2821 664 2874 est
688 2809 835 2888 medrus,
861 2821 966 2877 tamen
990 2813 1033 2876 ob
1055 2811 1210 2898 insignem
1232 2810 1413 2878 dietarrtien

127 2926 231 3000 partes
247 2913 357 2980 Terrae
372 2913 436 2980 fere
450 2915 612 3004 aequaliter
626 2915 729 2994 afficit,
746 2913 855 2982 contri
869 2917 944 2982 veri>
958 2917 1005 2982 vis
1021 2917 1123 2982 Lunae
1137 2917 1179 2980 ob
1197 2917 1412 3003 propinquita-

129 3035 193 3088 tem
206 3019 377 3088 admodum
392 3021 605 3110 inaequaliter:
627 3021 711 3087 unde
726 3045 745 3089 a
760 3020 852 3088 Luni
866 3023 967 3088 multo
982 3023 1080 3110 major
1093 3021 1220 3110 agitatio
1235 3021 1343 3086 oceani
1363 3043 1413 3086 re-

131 3126 236 3204 sultat,
263 3123 356 3211 qudm
379 3148 399 3189 a
423 3127 505 3205 Sole,
532 3127 671 3212 quamvis
689 3149 727 3191 eu
751 3127 807 3206 vis,
832 3151 902 3213 quae
924 3129 966 3192 ad
989 3127 1093 3193 Solem
1116 3126 1225 3204 tendit,
1250 3127 1412 3215 insigniter

130 3237 229 3321 major
249 3236 293 3301 sit
316 3233 412 3300 alteri
437 3235 562 3299 Lunam
587 3234 781 3318 respiciente.
836 3235 943 3320 Atque
970 3235 1035 3300 hoc
1063 3248 1156 3318 paeto
1184 3235 1314 3300 dubium
1338 3235 1412 3302 ante

129 3341 259 3406 allatum
281 3338 421 3404 funditis
447 3338 574 3416 tollitur,
600 3337 723 3426 hocque
747 3335 850 3406 adhuc
874 3337 997 3424 planius
1026 3337 1092 3415 fiet,
1122 3339 1148 3402 si
1178 3337 1336 3423 utriusque
1364 3341 1411 3403 vis

129 3449 256 3516 effectus
271 3449 312 3512 ad
327 3447 479 3514 calculum
493 3446 716 3512 revocabimus.

170 3565 194 3644 t.
214 3568 263 3624 18.
288 3557 340 3622 Ad
365 3555 606 3644 inaequalitatem
630 3555 725 3645 igitur
746 3555 858 3622 virium
881 3553 994 3642 quibus
1016 3553 1148 3644 singulae
1171 3553 1282 3620 Terrae
1305 3567 1409 3641 partes

129 3667 177 3732 vel
202 3689 222 3730 a
245 3665 318 3731 Sole
341 3664 390 3730 vel
413 3687 432 3728 a
454 3664 547 3729 Luna
568 3661 781 3740 sollicitantur,
805 3661 1025 3740 definiendam,
1047 3671 1119 3725 ante
1133 3662 1238 3725 omnia
1251 3663 1324 3742 vim,
1347 3661 1409 3749 qul

130 3773 272 3838 universa
286 3771 398 3849 Terra,
421 3769 447 3834 si
470 3769 503 3834 in
524 3791 580 3834 suo
602 3782 709 3834 centro
729 3767 888 3858 gravitatis
902 3781 983 3832 esset
997 3748 1204 3844 concerrtrata,
1225 3769 1407 3846 afficeretur,

129 3881 327 3948 deternrinari
341 3891 474 3968 oportet,
496 3879 889 3967 haecqrecsteaiprarir,
912 3897 983 3964 que
998 3877 1109 3942 Terrae
1124 3888 1245 3942 moun
1263 3896 1409 3964 progres-

130 3989 229 4054 sivum
243 3991 276 4054 in
289 4013 345 4056 aua
358 3989 461 4056 orbita
474 3989 601 4078 respicit
614 4001 646 4056 et
659 3989 781 4065 turbat;
803 3985 917 4054 dende
930 3985 1157 4072 dispiciendum
1174 3998 1230 4065 est,
1256 3985 1408 4072 quantrlm

130 4095 221 4174 vires,
245 4095 357 4180 quibus
382 4097 515 4188 singulte
539 4095 649 4161 Terrae
673 4109 777 4186 partes
802 4103 964 4184 urgentur,
991 4091 1055 4158 tdrn
1083 4095 1203 4160 ratione
1229 4094 1407 4180 quantitatis

128 4203 223 4294 quim
237 4205 415 4270 directions
430 4207 470 4272 ab
491 4205 544 4271 illt
559 4205 589 4268 vi
611 4205 698 4271 totali
713 4204 898 4290 discrepent
944 4201 1041 4280 Qudd
1055 4203 1180 4269 sienim
1194 4201 1281 4267 nullo
1295 4203 1407 4287 depre-

126 4313 284 4380 hendatur
298 4309 480 4393 differentia,
502 4325 606 4399 partes
629 4335 753 4400 quoque
770 4312 903 4402 singulae
914 4311 1008 4375 situm
1027 4329 1124 4375 suum
1142 4309 1305 4374 relativum
1325 4309 1407 4374 iuter

128 4447 163 4490 se
187 4421 384 4498 mineburn
415 4433 448 4490 at
470 4423 533 4512 qud
557 4423 656 4510 major
681 4423 741 4487 erit
765 4421 940 4488 dili'erentia
964 4421 1046 4486 inter
1069 4421 1150 4488 vires
1175 4419 1243 4488 illas
1267 4417 1406 4508 singulas

128 4541 232 4618 partes
245 4527 455 4609 sollicitantes,
471 4529 511 4594 ed
525 4532 623 4620 magis
638 4553 683 4595 eoe
698 4529 778 4594 inter
789 4552 822 4594 ae
833 4528 1119 4608 commovebuntur,
1136 4529 1228 4594 situm
1244 4527 1405 4593 relativum

127 4641 356 4726 pernrutabunt.
401 4639 441 4704 ln
461 4639 522 4705 hac
543 4655 646 4707 autem
671 4641 916 4729 investigatione,
943 4639 1035 4704 simul
1059 4642 1219 4728 gravitatis
1244 4639 1404 4718 natur-alis,

128 4747 189 4834 qui
211 4747 315 4814 omnir
335 4767 469 4834 corpore
489 4747 757 4818 ventotorum
778 4748 889 4813 Terrae
911 4745 1054 4826 tendunt,
1079 4747 1159 4811 ratio
1179 4759 1228 4814 est
1243 4747 1405 4822 habenda3

128 4855 197 4921 haec
222 4857 305 4922 enim
328 4856 376 4921 vis
400 4858 432 4922 in
457 4878 550 4922 causa
574 4869 629 4934 cat,
656 4856 741 4944 qudd
764 4855 959 4943 quantumvis
985 4854 1065 4922 vires
1093 4855 1172 4922 Solia
1195 4871 1226 4922 et
1248 4857 1349 4921 Lunae
1370 4854 1404 4916 in

741 4963 763 5012 Τ
773 4969 789 5014 ³
