3564 5864
532 601 537 614 ·
554 567 617 636 ET
634 565 894 637 uEFLUxth
917 571 1077 640 Msffls,

685 795 871 892 sucuro
895 817 947 892 11.

691 1012 940 1080 PRINCIPIA.

173 1189 180 1290 J
216 1193 434 1258 Phaenomenis
449 1209 543 1258 metus
557 1194 652 1259 maris
666 1197 887 1284 insignioribus
901 1201 1037 1266 breviter
1051 1203 1219 1281 recensitis,
1236 1209 1454 1294 progredimur

161 1295 212 1359 ‘od
231 1302 393 1386 principia,
416 1301 501 1366 unde
514 1303 630 1368 horum
643 1305 723 1368 ratio
738 1319 786 1370 est
799 1309 968 1376 reddenda.
1014 1311 1124 1377 Liceat
1137 1325 1243 1378 tamen
1258 1317 1382 1400 praefari
1395 1341 1453 1383 no-

169 1407 348 1473 bilissimam
365 1411 500 1495 quidem,
517 1412 572 1475 sed
587 1413 679 1476 simul
693 1413 906 1483 difficillimam
921 1443 989 1484 esse
1002 1420 1085 1486 hanc
1098 1423 1306 1508 philosophiae
1319 1441 1451 1512 partem,

168 1538 239 1601 quae
253 1516 532 1600 phaenomeuorum
548 1543 656 1585 causas
671 1511 836 1612 investigat
849 1541 881 1591 et
900 1529 1044 1613 eirplicat.
1090 1532 1138 1596 Ea
1152 1547 1199 1598 est
1213 1547 1333 1600 nature
1355 1539 1452 1603 subti-

165 1625 247 1703 litas,
263 1637 299 1690 ut
312 1648 378 1689 non
390 1628 430 1690 sit
440 1629 555 1692 mirum
566 1651 673 1694 causas
687 1633 860 1715 primarias,
873 1637 1029 1702 solertiam
1043 1639 1301 1726 philosophorum
1315 1645 1452 1728 plerum·

161 1745 230 1818 'que
252 1731 399 1819 effingere.
446 1733 512 1809 Qui
535 1737 674 1800 omniurn
699 1737 979 1822 phaenomenorum
1004 1747 1149 1825 rationes,
1175 1769 1344 1834 exponere,
1371 1753 1450 1817 inte·

167 1861 320 1927 gramque
345 1863 508 1906 causarum
532 1845 643 1908 seriem
667 1846 758 1911 nobis
783 1849 933 1915 exhibere
954 1853 987 1916 in
1010 1875 1043 1918 se
1066 1871 1279 1941 susceperunt,
1305 1860 1351 1924 illi
1368 1862 1451 1927 oerte‘

167 1949 288 2036 magnis
303 1949 366 2013 suis
382 1951 464 2015 ausis
485 1951 646 2040 hucusque
660 1955 852 2021 exciderunt.
898 1958 1133 2045 Philosophiam
1147 1963 1274 2048 quidem
1292 1967 1451 2050 perlectis-

168 2059 276 2121 simam
292 2059 351 2121 viri
372 2060 534 2124 clarissimi
555 2061 614 2125 sibi
635 2077 867 2148 proposuerunt
880 2067 1111 2146 exstruendam,
1128 2070 1250 2154 qualern
1265 2084 1370 2136 tamen
1391 2075 1451 2138 hu-

166 2187 268 2229 manae
283 2168 359 2231 sorti
374 2171 551 2251 'competere
564 2169 610 2232 fes
625 2181 673 2234 est
687 2171 838 2236 dubitare.
885 2173 1126 2262 Praeatatigitur
1140 2153 1297 2241 tantorum
1312 2181 1450 2245 virorum

168 2295 313 2337 successu
327 2271 430 2337 minuis
445 2273 527 2337 felici
545 2276 686 2356 edoctos,
708 2277 806 2363 ipsius
820 2293 942 2344 naturae
956 2283 1085 2369 vestigia
1098 2283 1188 2348 caute
1202 2297 1234 2348 et
1253 2284 1341 2351 lente
1351 2291 1449 2374 sequi.

167 2379 264 2456 Quod
287 2379 314 2444 si
334 2379 542 2464 phaenomena
556 2382 597 2447 ad
611 2385 768 2470 generalia
782 2385 926 2471 quaedam
945 2387 1099 2472 principia
1112 2389 1263 2454 reducere
1282 2394 1447 2476 possimus,

164 2485 340 2571 horumque
361 2485 442 2549 vires
463 2487 583 2552 calculo
604 2489 765 2574 subjicere,
788 2491 874 2556 hisce
894 2492 1044 2580 gradibus
1058 2493 1194 2580 aliquam
1207 2517 1290 2560 verae
1310 2497 1449 2581 philoso-

163 2593 248 2678 phiae
273 2607 394 2680 partem
419 2617 637 2682 assequemur3
663 2619 735 2683 quoe
748 2599 885 2685 ¹quidem
907 2623 1018 2666 manca
1043 2625 1098 2666 seu
1122 2603 1304 2688 imperfecta
1328 2607 1397 2684 erit,
1422 2609 1449 2672 si

164 2705 303 2788 ipsorum
324 2704 551 2790 principiorum
573 2709 676 2770 musae
697 2706 830 2784 lateant3
860 2721 947 2772 tanta
967 2721 1073 2774 tamen
1093 2709 1175 2776 inest
1195 2733 1302 2776 rerum
1326 2726 1448 2778 naturoe

164 2825 318 2890 venustas,
343 2825 378 2876 nt
398 2835 436 2877 ea
456 2835 529 2897 pars
551 2811 644 2900 longe
666 2827 793 2898 praestet
814 2815 1020 2884 subtilissimis
1041 2817 1180 2884 virorum
1199 2819 1448 2886 acutissimorum

164 2922 356 2986 commentis.
460 2919 464 2939 '

208 3029 319 3092 Motus
335 3030 428 3093 maris
444 3031 540 3095 cuivis
555 3031 604 3095 vel
618 3029 727 3096 leuiter·
740 3033 946 3116 perpendenti
960 3013 1159 3100 manifestum
1172 3046 1219 3099 eet
1237 3034 1446 3114 luminarium,
1517 3055 1528 3068 ⁴

164 3130 266 3195 Lunoe
279 3135 463 3217 praesertim,
486 3135 622 3200 motibus
636 3137 744 3199 affines
759 3159 827 3200 esse
837 3150 873 3216 ¹et
893 3139 1050 3224 analogos.
1095 3139 1216 3204 Mem
1231 3153 1279 3204 est
1299 3141 1447 3224 periodus
1581 3185 1590 3204 .

162 3241 269 3305 motuis
283 3243 376 3306 maris
392 3242 497 3306 diurni
511 3265 549 3307 ac
571 3242 673 3307 Lunae
687 3243 728 3306 ad
742 3243 946 3308 meridianum
962 3244 1032 3323 loci,
1056 3245 1165 3310 eadem
1178 3246 1281 3312 motuis
1296 3249 1447 3311 menstrui

162 3369 199 3411 ac
221 3348 323 3412 Lunae
345 3347 386 3412 ad
411 3349 534 3425 Solem3
557 3349 718 3434 utriusque
739 3347 900 3412 luminaris
922 3349 969 3412 vis
991 3350 1024 3412 in
1045 3363 1132 3413 motu
1151 3351 1245 3414 maris
1267 3353 1447 3438 generando

160 3452 235 3517 hinc
257 3455 368 3531 elucet,
392 3454 477 3540 qubd
499 3466 593 3518 aestus
609 3455 671 3518 sint
684 3455 817 3538 majores
832 3453 895 3539 qud
917 3455 1054 3520 minores
1076 3456 1236 3542 utriusque
1250 3457 1446 3524 distentiore

162 3558 284 3636 Terra3
307 3558 386 3623 adeo
408 3573 443 3623 ut
463 3560 568 3624 nullus
589 3559 630 3624 sit
651 3559 815 3623 dubitandi
837 3559 934 3638 locus,
955 3573 1075 3625 motum
1088 3563 1183 3626 maris
1197 3585 1264 3626 esse
1279 3563 1380 3651 ahquti
1396 3587 1445 3629 ra·

161 3665 247 3729 tione
261 3665 302 3730 ad
317 3678 436 3730 motum
453 3666 556 3730 Lunoe
571 3676 603 3729 et
618 3664 699 3731 Solis
715 3665 931 3750 compositum.
970 3666 1088 3742 Quales
1104 3680 1208 3731 autem
1223 3667 1361 3734 dicemus
1375 3670 1444 3736 illas

162 3793 229 3835 esse
249 3772 329 3836 vires
344 3795 417 3858 quoe
437 3795 456 3835 a
479 3771 572 3836 Luna
595 3783 627 3835 et
643 3771 717 3838 Sole
736 3783 917 3858 propagatae
940 3777 1007 3858 (aut
1020 3772 1061 3837 ab
1075 3771 1124 3836 his
1139 3773 1243 3859 aliquo
1256 3775 1353 3840 modo
1366 3799 1443 3860 pen-

162 3875 281 3960 dentes)
297 3903 410 3967 aquam
431 3879 480 3943 bis
495 3879 624 3968 singulis
643 3879 753 3943 diebus
775 3879 889 3942 tollunt
903 3889 935 3944 et
948 3879 1128 3964 deprimunt
1133 3902 1143 3955 ς
1166 3902 1238 3965 quae
1258 3880 1292 3943 in
1311 3881 1443 3967 syzygiis

162 3982 359 4048 luminarium
373 3985 563 4070 conspirant,
580 3983 775 4070 quadraturis
789 3997 949 4070 pugnant;
971 3985 1004 4047 in
1018 3984 1190 4050 minoribus
1204 3985 1365 4070 utriusque
1379 3985 1443 4049 dis·-

161 4091 265 4157 tentiis
280 4107 441 4180 augentur,
465 4093 498 4157 in
517 4093 686 4178 majoribus
699 4092 899 4170 minuuntur3
922 4113 992 4178 quae
1006 4095 1040 4155 in
1052 4093 1167 4158 minori
1189 4093 1291 4156 Lunoe
1306 4092 1442 4158 declina·

97 4277 102 4286 ·
161 4197 247 4262 tione
260 4197 410 4276 fortiores,
426 4199 459 4262 in
474 4199 584 4286 majori
598 4199 764 4264 debiliores
776 4211 865 4275 sunt;
881 4211 913 4262 et
926 4221 1152 4286 nonnunquam
1161 4201 1310 4286 majorem
1321 4213 1440 4264 motum

161 4307 245 4372 cient
258 4304 329 4372 ciun
345 4309 445 4373 Solet
460 4309 551 4376 Luna
565 4309 645 4372 infra
659 4308 852 4372 horizontem
863 4307 1088 4392 deprimuntur,
1104 4305 1198 4393 quim
1212 4305 1285 4371 crim
1300 4307 1333 4370 in
1348 4309 1442 4372 meri·

160 4415 256 4480 diano
271 4415 423 4499 superiori
443 4419 536 4481 ambo
557 4419 766 4483 dominentur.
814 4417 954 4482 Fuerunt
967 4416 1026 4482 viri
1047 4415 1241 4482 celeberrimi
1255 4417 1309 4502 qui
1330 4429 1440 4482 aestum

159 4523 255 4588 maris
276 4523 437 4608 pressione
452 4523 586 4609 quidam
608 4526 711 4589 Lunae
732 4523 807 4588 cieri
829 4535 987 4608 putarunt.
1033 4521 1153 4588 Verium
1168 4543 1292 4586 causam
1307 4536 1339 4586 et
1352 4545 1440 4588 men·

1 4643 2 4660 ¹
35 4663 39 4672 ⁴
160 4651 264 4694 suram
279 4629 371 4714 hujus
385 4629 555 4713 pressionis
569 4652 633 4693 non
647 4630 861 4707 ostenderunt,
875 4651 934 4693 nec
949 4651 1011 4715 quo
1026 4642 1118 4712 pacto
1132 4639 1235 4692 motus
1249 4627 1343 4694 maris
1363 4629 1440 4692 varii

159 4733 232 4800 hinc
253 4735 328 4800 oriri
350 4734 472 4819 possint
492 4735 564 4798 satis
585 4735 667 4800 clare
688 4735 875 4811 indicarunt,
898 4733 998 4798 multb
1019 4731 1123 4798 minius
1144 4745 1247 4798 motus
1269 4733 1339 4798 illos
1365 4733 1440 4817 (hoc

159 4841 311 4927 principio
325 4839 441 4925 posito)
457 4837 497 4904 ad
513 4838 665 4904 calculum
680 4863 826 4906 revocare
841 4839 1026 4904 docuerunt.
1050 4919 1053 4927 Ι

775 4945 800 5001 Q
810 4951 825 4992 4
